4654 6170
797 259 1067 342 ANNALES
1099 262 1286 342 VITAE
1318 263 1453 347 MEL.
1505 265 1638 348 156³.

282 529 289 548 .
323 476 521 544 Tilemauuna
536 473 719 540 liesahuaiur
737 479 930 540 renunciatur
946 473 1064 542 Ductor
1079 476 1268 565 Theologiae
1289 485 1327 544 ab
1341 481 1509 546 Academia
1520 479 1764 570 Witebergense.
1816 483 1952 568 Pegellas
1968 485 2181 572 disputationis
2195 497 2229 560 de

374 582 474 645 dicto:
499 583 591 662 gratis
609 579 773 642 venundati
789 584 876 660 ostia,
902 585 994 662 gralia
1016 583 1225 666 redimemini,
1249 589 1368 670 scripsit
1384 583 1575 652 Melanthon.

330 1265 453 1331 Bellum
467 1270 545 1328 inter
558 1265 736 1332 Mauritium
752 1265 923 1332 Electorem
938 1283 968 1333 et
981 1267 1145 1334 Albertum
1160 1267 1368 1334 Marohionem
1382 1269 1553 1337 Braudoub.

238 1389 243 1400 '
264 1391 296 1454 6.
331 1383 487 1478 Eduardau
501 1381 570 1449 Rex
584 1385 717 1472 Angliae
731 1393 869 1452 moritur.

263 1509 297 1571 7.
333 1503 455 1569 coniux
468 1501 673 1570 Melanthouis
689 1521 759 1594 post
772 1507 881 1570 febrim
897 1509 987 1570 habet
999 1509 1086 1570 initia
1098 1507 1255 1590 hydropis.

265 1625 298 1690 9.
332 1623 437 1706 Pugna
449 1627 528 1684 inter
541 1619 720 1689 Mauritium
735 1639 765 1690 et
780 1624 943 1690 Albertum
957 1645 1053 1710 prope
1068 1623 1161 1688 l’eiua
1174 1629 1224 1687 rel
1238 1620 1489 1704 Sievrrslsauaau,
1514 1627 1569 1688 ubi
1586 1621 1744 1687 Mauritius
1757 1619 1867 1682 lethale
1881 1625 1995 1708 accepit
2010 1627 2130 1691 vulnus.

240 1747 296 1808 11.
331 1741 493 1806 diamitiua
505 1746 644 1806 moritur.

267 1965 299 2026 1.
334 1957 488 2044 Scriptum
502 1963 540 2024 da
555 1959 691 2026 Stanoari
704 1969 906 2029 controversia
916 1967 1010 2028 mittit
1023 1963 1194 2030 Marohioni
1205 1961 1259 2028 Br.
1272 1963 1422 2046 Electori,
1447 1978 1477 2028 et
1492 1964 1551 2027 hoo
1566 1983 1667 2024 mense
1681 1963 1785 2023 amicis
1801 1965 1872 2022 suis.

266 2079 298 2146 6·
336 2079 511 2163 Augustus,
543 2079 618 2146 Dux
641 2081 757 2150 Saxou.
781 2081 920 2166 Elector,
950 2088 1033 2149 veuit
1047 2083 1277 2166 Witebergam‚
1304 2090 1518 2170 confirmatque
1540 2083 1724 2146 dotationem
1747 2077 1929 2142 Academiae
1951 2076 2125 2144 aMauritio
2154 2083 2239 2147 fratre

242 2303 300 2366 10.
335 2300 439 2384 Regiis
452 2305 547 2365 literis
564 2297 742 2366 Melanthon
759 2307 870 2366 iterum
884 2316 1008 2367 vocatur
1022 2308 1055 2367 in
1072 2303 1226 2388 Angliam.

243 2423 299 2484 18.
335 2419 488 2483 Palatinus
503 2417 624 2483 Elector
639 2419 867 2484 Melanthouem
880 2435 969 2487 vocat
981 2425 1014 2483 in
1030 2425 1167 2504 patriam.

244 2539 301 2600 tt.
335 2537 445 2600 Terrae
459 2551 561 2601 motus
575 2536 714 2602 Misuiae.

242 2657 302 2720 20·
335 2653 510 2720 Conventus
535 2669 579 2718 est
601 2652 744 2738 Lipsiae,
773 2661 827 2720 ubi
851 2660 929 2741 regia
941 2654 1051 2722 Danici
1073 2673 1104 2723 et
1119 2661 1248 2722 aliorum
1262 2611 1434 2743 priuciprim
1450 2659 1540 2740 legati
1556 2655 1593 2719 de
1608 2677 1680 2739 pace
1695 2675 1764 2718 cum
1782 2651 1907 2718 Alberto
1924 2651 2100 2722 Marohioue
2116 2663 2234 2748 eiusque

387 2763 476 2822 sociis
492 2757 629 2822 facienda
641 2771 745 2842 agrmt.

269 2983 300 3042 1.
335 2975 489 3042 Praefatur
505 2979 538 3040 in
551 2981 663 3041 librum
677 2975 798 3042 Nicolai
811 2975 950 3062 Asclepii
963 2975 1097 3047 Barbati.

244 3099 302 3162 11.
335 3093 513 3160 Melanthou
530 3097 567 3158 ad
581 3093 747 3180 Georgium
761 3095 983 3161 Anhaltinum:
1011 3099 1163 3180 „institui
1187 3101 1426 3184 propositiones,
1453 3116 1529 3182 quae
1552 3099 1787 3180 complectentur
1804 3117 1951 3161 summum
1966 3097 2120 3162 doctrinae
2135 3095 2235 3162 Eccle-

387 3203 447 3261 aiae
462 3197 539 3278 Dei,
565 3202 598 3260 lu
614 3205 723 3284 quibus
739 3213 768 3262 et
784 3197 928 3264 Osiaudri
942 3223 1074 3266 errorem
1087 3205 1235 3269 refutabo.
1245 3201 1262 3230 '²

245 3318 303 3383 28·
338 3311 472 3396 Torgam
486 3313 675 3378 Melanthoni
690 3317 939 3400 proficiscendum
952 3330 1007 3380 est.

339 3429 493 3496 Praefatur
506 3433 539 3493 iu
552 3427 680 3494 Krousii
695 3435 806 3494 librum
829 3435 1065 3516 genealogicum.

274 3675 305 3732 ι,
340 3651 450 3732 Maria,
476 3649 594 3736 Regina
607 3649 755 3736 Angliae‚
780 3657 975 3736 inauguratur
990 3673 1095 3734 regno.

272 3790 305 3852 9,
340 3769 495 3834 Adrersur
507 3766 755 3852 Schweaclrscldr'r‘
776 3772 881 3834 deliria
902 3773 1029 3836 acribcra
1050 3772 1168 3855 incipit.
1218 3769 1372 3854 Scriptum
1392 3770 1531 3835 adversus
1555 3769 1762 3850 flaccorum,
1789 3783 1874 3850 autea
1897 3775 2033 3835 amultis
2049 3771 2244 3852 description,

391 3869 515 3956 Lipsiae
531 3877 615 3955 typis
631 3877 819 3937 exscribitur.

248 4006 306 4070 17,
341 3987 484 4066 Georgius
502 3988 645 4072 Prr'rrcepr
661 3987 846 4054 Antalrtcus
864 3993 1005 4054 moritur.
1057 3986 1235 4051 Melanthon
1251 3995 1446 4072 proficiscitur
1457 3991 1498 4054 ad
1515 3995 1578 4055 eiur
1595 3993 1716 4054 fratrem
1729 3985 1928 4053 loaolrimum.

342 4107 477 4172 Advenit
491 4105 639 4189 Sabinus,
665 4131 755 4192 gener
768 4107 991 4186 Melanthonis,
1010 4127 1080 4168 cum
1095 4107 1209 4169 duabus
1223 4111 1302 4172 filiis.

249 4243 308 4308 00.
342 4225 473 4289 Moritur
487 4219 615 4288 lacobua
630 4223 781 4288 Sturmius
797 4223 1001 4308 Argentorati.

251 4363 307 4426 31,
343 4341 439 4406 Mittit
455 4345 586 4426 pagellas
599 4343 636 4404 de
651 4341 827 4406 Mediatore.

344 4459 409 4544 sps
425 4463 516 4522 linem
531 4456 674 4524 Octoltria
690 4474 845 4544 sumptum
858 4473 903 4523 est
916 4461 1100 4543 supplicium
1114 4459 1151 4521 de
1168 4457 1292 4524 Serreto
1310 4457 1457 4528 Generae.

211 4633 311 4750 dvali:
346 4679 484 4766 Lipsiam
498 4683 697 4764 proficiscitur
709 4679 747 4742 ad
763 4679 964 4762 explorandos
980 4679 1146 4758 studioros,
1167 4684 1221 4765 qui
1237 4684 1358 4763 publice
1370 4683 1545 4742 liberalitate
1559 4683 1690 4746 aluntur.

256 4815 312 4878 10,
346 4797 508 4880 Schnepfio
524 4799 644 4861 scribit:
673 4793 824 4876 „Elector
838 4795 975 4860 Marohio
991 4801 1068 4876 ruit,
1093 4819 1149 4858 nac
1164 4800 1392 4878 approbatorem
1407 4818 1469 4858 esse
1482 4792 1645 4858 lalebianae
1657 4802 1884 4881 propositionis,
1911 4795 1994 4880 quod
2009 4791 2154 4860 Christus
2171 4817 2259 4860 mor·

395 4913 466 4964 tuus
482 4905 521 4962 rit
535 4899 701 4980 secuudum
717 4899 850 4962 diriuam
866 4914 895 4962 at
911 4899 1074 4961 humanam
1089 4895 1254 4968 naturam.”
1279 4929 1327 4947 -
1381 4896 1474 4976 „lam
1490 4895 1647 4962 Stancarus
1669 4905 1701 4962 in
1715 4897 1861 4980 Polouio,
1888 4893 2057 4978 Staphylus
2077 4901 2113 4960 iu
2131 4895 2262 4978 Sileaia,

397 4999 544 5083 Margitae
559 4999 738 5083 (Agricola)
755 5003 788 5062 in
804 5001 860 5062 hac
876 5003 1004 5080 vicinia,
1030 4997 1178 5062 Funcciur
1193 5003 1226 5061 iu
1241 4997 1358 5063 Proseis
1372 5021 1428 5062 nos
1442 5003 1589 5068 allatraut.
1639 4999 1788 5066 Placidius
1802 5017 1831 5065 et
1848 5022 1886 5062 ox
1903 4999 1950 5060 his
1971 5001 2155 5080 regionibus
2175 5017 2264 5066 etex

395 5105 453 5166 hac
467 5107 530 5164 rita
545 5101 713 5182 dhcedam,
739 5115 773 5164 ut
789 5101 866 5164 hano
883 5107 1073 5184 ingeniorum
1087 5104 1200 5164 rabiem
1216 5103 1368 5183 effugiam.

346 5223 443 5286 Mittit
457 5241 577 5284 carmen
591 5223 624 5279 in
639 5223 761 5300 nuptiu
776 5216 929 5302 chyuset.

256 5347 314 5416 24.
348 5343 467 5408 Allatas
480 5349 525 5400 eat
541 5334 755 5416 Witebergam
771 5337 846 5398 liber
861 5335 899 5398 de
915 5329 1075 5412 Trinitata,
1097 5353 1243 5398 renovans
1258 5330 1444 5399 Samosatenl
1462 5356 1572 5400 errores
1592 5333 1723 5414 (Serveti
1735 5333 1788 5414 ?),
1815 5357 1904 5420 quem
1918 5333 2100 5400 Melanthon
2128 5359 2146 5400 a
2166 5339 2267 5404 cm..

396 5464 476 5530 pauo
495 5441 638 5522 scriptum
653 5447 752 5522 putat.
