4808 6176
188 277 265 356 ste
765 261 1200 346 EPlS'l'OLARUM
1250 265 1356 348 LlB.
1378 267 1477 348 Xll.
1531 263 1665 344 tsct.
2158 259 2240 338 880

193 465 324 528 attente
341 448 510 538 cogitatae
524 469 565 518 ae
578 443 766 540 dispositae
781 441 927 536 proprio
943 465 981 512 ae
998 441 1184 535 perspicuo
1238 443 1388 524 dentiae,
1416 455 1450 513 et
1467 441 1505 512 in
1519 441 1643 512 multis
1659 439 1821 535 partibus
1837 439 1953 512 media
1968 439 2084 512 forma
2100 433 2237 509 oratio·

194 578 357 629 sermone
380 551 590 636 efferantur:
624 573 689 618 uec
710 547 754 616 sit
778 546 892 617 oratio
914 547 1086 616 tumultus
1107 545 1186 613 ina·
1238 547 1294 615 nis
1320 559 1355 617 et
1386 544 1571 616 imitabilis
1607 559 1678 632 est,
1722 555 1756 615 et
1788 545 1833 614 ad
1867 565 2091 614 communem
2126 561 2236 610 usum

194 660 296 729 nium
314 655 525 736 verborum,
558 665 618 722 aut
634 649 965 720 sonitos'undarum
980 646 1186 717 ferientium
1238 661 1401 718 nostrum
1425 649 1699 720 accommodata.
1757 647 1926 740 Denique
1947 645 2058 716 latine
2081 655 2117 714 et
2137 653 2236 712 recte

195 759 361 852 scopulos
384 769 418 826 et
442 755 573 826 littora.
623 751 770 823 Necesse
788 765 862 838 est,
887 751 1005 844 aliqua
1024 747 1188 818 esseelo-
1238 749 1356 843 loqui,
1401 749 1554 818 maxime
1585 773 1626 819 ex
1660 747 1833 822 Cicerone
1868 749 2001 818 discere
2032 765 2236 839 possumus.

196 861 365 960 quentiae
382 858 509 928 studia.
562 853 635 925 Nec
650 877 713 944 ego
729 877 827 924 nunc
847 854 976 946 loquor
991 853 1035 921 de
1050 850 1111 920 illa
1128 873 1190 918 ex·
1239 849 1362 946 anue
1378 875 1434 920 res
1452 875 1557 946 quam
1576 851 1621 923 sit
1637 853 1843 936 necessaria,
1867 873 1942 920 non
1959 851 2152 920 obscurum
2173 859 2239 920 est.

197 961 340 1037 cellenti
358 959 521 1030 facultate
538 957 681 1028 dicendi
696 953 851 1024 Periclea
868 967 930 1025 aut
945 951 1190 1036 Ciceroniana,
1240 953 1441 1024 Plurimum
1478 967 1595 1024 autem
1635 955 1679 1023 ad
1718 953 1989 1044 intelligendum
2023 948 2240 1022 Ciceronem

197 1090 289 1160 quae
305 1086 376 1133 non
395 1073 446 1129 cst
462 1059 694 1128 mediocrium
714 1057 961 1146 ingeniorum,
987 1055 1046 1124 sed
1067 1055 1191 1144 singu·-
1242 1055 1426 1141 conducit,
1456 1078 1561 1126 nosse
1586 1055 1661 1126 eius
1686 1049 1884 1130 historiam.
1935 1051 2039 1124 Hanc
2061 1049 2242 1143 exipsius

198 1168 266 1238 laci
284 1177 382 1236 motu
399 1162 520 1231 divino
538 1156 785 1230 exsuscitatur:
819 1170 858 1227 ut
875 1152 1033 1226 Achilles
1050 1169 1111 1227 aut
1129 1153 1191 1224 lu·
1241 1157 1463 1251 potissimum
1482 1157 1636 1249 scriptis,
1659 1169 1749 1228 etex
1765 1151 1957 1228 Plutarcho
1974 1169 2008 1228 et
2024 1155 2103 1225 aliis
2120 1149 2244 1224 histo-

200 1271 240 1342 lii
264 1265 457 1349 fortitudo,
490 1287 579 1358 quae
606 1285 680 1332 non
700 1272 753 1330 est
770 1259 895 1329 similis
909 1257 947 1326 in
961 1259 1099 1328 multis:
1131 1257 1191 1327 sed
1241 1261 1325 1330 eicis
1347 1260 1536 1350 diligenter
1556 1261 1759 1342 collectam,
1793 1272 1940 1352 propter
1961 1257 2158 1329 utilitatem
2181 1253 2245 1324 di-

200 1373 245 1442 de
260 1365 326 1439 bac
341 1365 523 1437 communi
538 1364 705 1434 facultate
719 1362 811 1447 dico,
833 1385 939 1453 quam
955 1372 1101 1430 naturae
1117 1381 1191 1428 non
1243 1363 1428 1447 scentiam,
1453 1361 1561 1434 edidi.
1609 1359 1662 1433 Ut
1675 1361 1750 1453 ipsa
1765 1363 1869 1432 etiarn
1884 1357 2053 1432 historiae
2071 1357 2245 1430 conside·

200 1485 441 1550 monstrosae,
474 1491 549 1536 non
576 1466 741 1556 ignavae,
776 1486 850 1532 non
875 1461 1031 1532 furiosae
1056 1458 1193 1554 assequi

201 1585 369 1670 possunt,
403 1569 431 1638 si
456 1569 609 1638 discant:
649 1565 677 1634 si
703 1566 798 1634 bona
822 1563 981 1656 exempla
1005 1563 1194 1646 intuentes,

201 1680 352 1748 formam
366 1673 449 1741 inde
464 1671 580 1742 bonae
596 1666 771 1737 orationis
786 1679 944 1750 sumant,
966 1677 1000 1734 et
1016 1689 1092 1734 eam
1111 1664 1195 1732 imi·

202 1779 272 1852 tari
295 1777 480 1858 studeant,
511 1785 545 1840 et
571 1767 745 1839 exercitiis
768 1767 1005 1837 mediocribus
1024 1767 1196 1837 imitatio-

203 1905 286 1952 nem
301 1877 480 1948 adinvent.
522 1871 695 1942 Voluntas
711 1870 815 1940 etiam
832 1869 878 1940 sit
895 1862 1043 1939 honesta
1061 1883 1095 1942 et
1108 1892 1195 1939 con-

204 1982 352 2052 veniens
376 1973 515 2046 homini
541 1997 615 2044 non
636 1971 783 2046 furioso.
833 1967 994 2064 Cumque
1014 1971 1196 2041 doctrinae

205 2079 426 2177 perturbatio
451 2078 495 2148 sit
511 2075 655 2147 exitiosa
671 2071 848 2144 Ecclesiae
864 2086 898 2143 et
914 2071 1070 2164 Reipub.
1085 2073 1197 2142 velint

206 2187 345 2257 adferre
366 2203 477 2276 genus
492 2178 673 2248 doctrinae
691 2200 765 2246 non
780 2176 902 2261 sutile,
929 2199 1004 2246 non
1021 2175 1198 2267 pernicio·-

191 2277 306 2369 'sum,
336 2284 396 2354 sed
418 2281 522 2350 bonis
541 2279 722 2378 mentibus
747 2279 985 2370 profuturum.
1034 2275 1198 2370 Denique

207 2389 362 2478 cogitent
383 2383 482 2452 illam
505 2381 744 2451 dulcissimam
774 2379 1017 2450 definitionem
1040 2377 1200 2450 Platonis

208 2491 248 2559 in
266 2485 433 2559 Phaedro
459 2484 642 2556 traditam:
675 2479 893 2576 Eloquentia
909 2493 980 2566 est,
1006 2481 1086 2552 Deo
1103 2493 1200 2572 grata

207 2593 337 2664 dicere.
396 2585 607 2658 Iutueantnr
636 2607 718 2674 ergo
747 2583 966 2655 voluntatem
990 2580 1077 2662 Dei,
1110 2596 1200 2652 etse

208 2696 408 2775 instruant,
442 2701 481 2760 ut
495 2685 571 2758 Deo
595 2699 694 2778 grata
715 2685 831 2756 dicere
855 2683 1001 2776 possint.
1053 2679 1102 2755 Et
1120 2683 1201 2778 qui-

209 2798 291 2866 dem
317 2805 438 2886 petant
461 2787 571 2860 aDeo
599 2801 754 2858 mentem
777 2801 810 2858 et
827 2787 983 2877 linguam
1000 2786 1201 2876 gubernari.

208 2895 286 2967 Hae
309 2917 413 2964 curae
436 2907 518 2963 sunt
543 2891 648 2962 utiles
672 2914 746 2962 non
771 2903 910 2960 tantum
926 2889 1053 2958 studiis
1067 2889 1201 2959 doctri-

208 3023 294 3080 nae,
320 2996 503 3066 sedetiam
518 2993 691 3066 moribus.
742 2989 900 3061 Frenant
914 2992 1009 3060 enim
1028 2990 1203 3083 praccipi-

207 3116 260 3174 tes
283 3099 452 3190 impctus:
488 3111 523 3168 et
545 3095 710 3186 cogitatio
730 3094 970 3186 periculorum
988 3094 1102 3165 adfert
1118 3117 1204 3162 con-

1244 1465 1335 1536 ratio
1352 1466 1396 1534 ad
1412 1463 1598 1535 lectionem
1614 1461 1800 1535 Ciceronis
1817 1465 2005 1534 accederet.

1346 1564 1431 1636 Tibi
1447 1581 1565 1636 autem
1580 1589 1621 1636 eo
1643 1566 1788 1652 dedico,
1818 1565 1901 1662 quia
1916 1580 1950 1637 et
1964 1559 2051 1635 haec
2068 1561 2191 1632 studia
2209 1577 2245 1636 te

1245 1669 1442 1759 intelligere
1461 1681 1494 1739 et
1510 1667 1735 1759 magnificare
1750 1669 1870 1739 audio.
1911 1665 1962 1740 Et
1974 1691 2055 1738 cum
2074 1665 2145 1735 tibi
2159 1689 2242 1758 pars

1246 1769 1512 1862 gubernationis
1530 1769 1567 1839 in
1585 1753 1711 1860 Regno
1728 1769 1900 1840 Polonico
1917 1769 2165 1840 commendata
2181 1768 2236 1852 sit,

1247 1898 1321 1943 non
1334 1873 1473 1958 dubito,
1497 1886 1531 1942 te
1547 1873 1719 1962 legentem
1738 1873 1885 1942 consilia
1900 1885 1933 1942 et
1948 1871 2103 1961 gloriosa
2119 1891 2230 1938 erem-

1249 1977 1306 2068 pla
1328 1971 1531 2060 Ciceronis,
1570 1975 1830 2044 commoneberi
1853 1977 1898 2045 de
1920 1973 2044 2046 multis
2071 1972 2169 2043 rebus
2191 1969 2231 2038 in

1249 2093 1309 2148 tua
1338 2077 1656 2152 administratione.
1720 2074 1856 2148 Consul
1882 2077 1977 2146 enim
2002 2097 2134 2165 magna
2155 2095 2242 2142 cou-

1250 2177 1379 2251 stantia
1406 2175 1633 2249 Tribunitios
1658 2179 1796 2248 furores
1823 2177 2004 2270 repressit,
2043 2171 2142 2246 nihil
2170 2197 2248 2243 me-

1250 2297 1353 2353 tuens
1368 2280 1465 2371 vulgi
1482 2282 1580 2350 odia:
1607 2281 1736 2350 deinde
1752 2305 1817 2350 nec
1834 2281 1926 2350 odiis
1941 2277 2155 2362 nobilitatis,
2183 2299 2251 2347 nec

1251 2381 1416 2476 periculis
1437 2383 1510 2452 suis
1533 2383 1721 2454 deterritus
1737 2397 1804 2469 est,
1835 2407 1906 2478 quo
1921 2383 2040 2454 minus
2055 2379 2251 2452 seditiosos

1251 2487 1365 2569 cives,
1398 2481 1608 2571 Catilinam,
1640 2481 1855 2571 Lentulum,
1887 2479 2103 2576 Cethegum,
2142 2495 2252 2552 natos

1253 2587 1293 2656 in
1313 2587 1457 2656 familiis
1479 2587 1728 2674 nobilissimis,
1754 2588 1911 2658 tolleret:
1946 2581 2092 2658 Servata
2109 2583 2251 2668 Patria,

1252 2702 1287 2760 et
1307 2701 1379 2759 tota
1400 2689 1514 2758 forma
1541 2686 1701 2780 Imperii:
1736 2688 1854 2762 Multa
1877 2689 1966 2759 etin
1984 2687 2175 2781 provincia
2192 2709 2251 2756 sa-

1253 2793 1391 2884 pienter
1415 2804 1448 2860 et
1470 2791 1560 2862 iuste
1585 2791 1782 2862 constituit:
1822 2815 1930 2885 quarn
1957 2815 2037 2862 cum
2057 2788 2251 2881 Principes

1254 2893 1366 2986 aliqui
1381 2889 1546 2964 Ciceroni
1565 2893 1756 2964 familiares
1778 2893 1828 2963 sic
1849 2893 2063 2985 expilarent,
2097 2904 2141 2963 ut
2156 2915 2250 2986 qua-

1254 3009 1337 3066 tuor
1352 2995 1556 3066 centesimas
1570 3018 1778 3080 usurarum,
1803 2995 1916 3082 idest,
1944 3009 2023 3066 octo
2038 3008 2075 3065 et
2089 2995 2251 3089 quadra-

1254 3098 1352 3187 ginta
1368 3121 1492 3167 aureos
1507 3121 1646 3167 annuos
1662 3100 1707 3167 de
1721 3111 1867 3170 centurn
1880 3097 1996 3168 aureis
2012 3115 2140 3168 mutuo
2158 3097 2251 3168 datis

209 3203 378 3276 tationem
393 3215 426 3272 et
443 3199 748 3278 moderationem,
780 3209 821 3267 ut
835 3197 898 3266 ille
915 3196 1090 3265 excellens
1108 3190 1204 3266 Ora·
1256 3213 1456 3292 poscerent:
1489 3199 1565 3292 ipse
1586 3193 1679 3268 nibil
1705 3183 1902 3270 sormida'ns
1927 3199 2167 3284 offensiones,
2198 3199 2248 3270 le·

208 3319 267 3377 tor
284 3301 390 3374 dixit:
1255 3324 1334 3392 gem
1366 3299 1510 3372 Solonis
1550 3301 1725 3388 restituit,
1753 3327 1857 3394 'quae
1894 3301 1982 3372 olim
2017 3301 2058 3373 in
2089 3299 2241 3380 Persico.

293 3411 313 3502 ἡ
336 3413 464 3498 ἀμαθία
485 3407 625 3496 θράσος,
653 3405 803 3493 λογισμὸς
824 3407 875 3471 xci
898 3404 990 3473 ὄκνον
1012 3408 1106 3494 φέρει.
1257 3401 1393 3473 Graeco
1418 3417 1454 3474 et
1476 3401 1643 3476 Romano
1664 3402 1818 3496 Imperio
1838 3405 1972 3474 fuerat:
2005 3417 2047 3476 ut
2069 3429 2146 3476 una
2168 3417 2241 3474 tan-

210 3507 357 3579 Necesse
381 3517 432 3573 est
452 3517 569 3570 autem
590 3499 750 3590 exempla
773 3497 893 3566 bonae
915 3497 1088 3568 orationis
1104 3519 1206 3588 saepe
1256 3517 1332 3576 turn
1352 3505 1537 3576 centesima
1558 3505 1763 3577 solveretur.
1814 3504 1947 3580 Cernes
1963 3506 2069 3576 etiam
2087 3504 2249 3598 exempla

210 3609 435 3698 multumque
466 3603 591 3690 legere.
652 3598 725 3670 Nec
758 3599 887 3668 melius
923 3615 972 3669 est
1006 3599 1206 3692 exemplum
1257 3607 1522 3697 ingratitudinis
1545 3603 1740 3696 humanae,
1773 3609 1891 3700 legens
1915 3609 2061 3680 exilium
2083 3609 2184 3694 eius,
2218 3619 2255 3680 ct

213 3707 352 3800 scriptis
377 3697 587 3788 Ciceronis,
629 3725 704 3770 non
737 3713 876 3771 tantum
911 3697 1020 3771 latine
1047 3701 1206 3772 dicendi:
1257 3733 1396 3778 necem:
1439 3725 1473 3780 et
1501 3711 1669 3800 cogitabis
1698 3712 1740 3780 de
1771 3711 2026 3802 ingratitudine
2055 3706 2255 3782 hominum

92 3829 97 3842 ·
212 3807 414 3882 sedetiam
452 3803 658 3874 formandae
691 3801 865 3874 orationis
891 3801 930 3872 in
956 3804 1037 3874 aliis
1063 3804 1206 3894 linguis.
1257 3833 1338 3901 erga
1355 3805 1517 3882 DEUM:
1547 3827 1581 3884 et
1603 3813 1828 3883 confirmabis
1850 3815 2010 3883 animum
2033 3813 2256 3904 cogitatione

212 3910 310 3984 Utile
325 3923 397 3993 est,
423 3905 579 3978 Graecos
595 3905 700 3975 etiarn
719 3927 943 3996 cognoscere:
968 3931 1119 4000 quorum
1138 3907 1206 3976 fuit
1258 3915 1451 3983 voluntatis
1467 3911 1552 4000 Dei,
1585 3929 1625 3985 nt
1646 3915 1844 3986 benefacias
1858 3915 2005 3986 caeteris
2020 3911 2255 3986 bominibus:

213 4010 406 4104 singularis
442 4009 481 4076 in
515 4001 583 4076 hoc
616 4029 743 4097 genere
769 4007 972 4097 diligentia,
1006 4005 1207 4094 Isocratem,
1258 4015 1394 4084 etiamsi
1411 4016 1512 4086 multi
1528 4019 1598 4088 sint
1614 4017 1743 4108 ingrati
1758 4016 1833 4088 Dco
1851 4031 1884 4088 et
1901 4014 2122 4089 bominibus.
2165 4014 2257 4088 Post

212 4117 422 4194 Platonem,
444 4103 733 4180 Demosthenem.
772 4105 841 4178 Sed
858 4109 901 4178 ad
919 4133 1024 4180 usum
1044 4125 1206 4182 nostrum
1258 4131 1406 4187 mortem
1421 4118 1577 4190 Socratis
1591 4121 1765 4204 scribunt,
1791 4116 1986 4192 exhibitam
2001 4143 2074 4190 esse
2090 4117 2257 4207 Tragoe-

211 4215 396 4314 Ciceronis
414 4207 542 4282 Oratio
569 4210 867 4280 accommodatior
895 4225 961 4281 est:
994 4237 1068 4281 non
1090 4213 1206 4282 solum
1259 4220 1352 4288 diam
1379 4220 1422 4290 de
1445 4220 1648 4306 Palamede,
1688 4222 1726 4289 in
1752 4245 1821 4314 qua
1844 4218 1931 4292 baec
1953 4223 2060 4292 verba
2084 4221 2256 4290 fuerunt:

213 4319 453 4415 quianecesse
475 4325 542 4392 est,
576 4335 642 4381 nos
662 4310 774 4399 magis
794 4312 847 4381 uti
871 4311 992 4402 lingua
1012 4314 1141 4422 latina,
1168 4315 1208 4384 in
1259 4313 1444 4407 ἐκτάγετε,
1485 4317 1652 4395 indm,
1676 4318 1745 4396 cdv
1770 4321 1926 4419 ἄριστον
1954 4316 2136 4417 ἕλχήνωγ,
2179 4316 2257 4415 τὴν

214 4413 656 4514 explicationediflicilium
672 4413 1011 4484 controversiarum:
1029 4417 1207 4486 sedetiam
1259 4415 1403 4516 ἀηδόνα
1428 4419 1564 4496 οὐδένα
1589 4419 1806 4520 βλάψασαν.
1866 4423 2112 4510 interfecistis,
2135 4423 2259 4494 inter.

213 4527 329 4595 s0ffl¹³
355 4516 543 4592 0f³ll⁰¹¹l⁵
564 4511 817 4586 Cicefflnlffle
843 4515 984 4606 lll³¹¹¹l⁰r
1006 4531 1073 4602 ⁸⁵¹2
1101 4543 1207 4611 quam
1259 4525 1405 4610 fecistis,
1430 4523 1578 4612 Graeci,
1603 4527 1777 4619 optimum
1793 4523 2031 4612 Graecorum,
2051 4525 2259 4611 lusciniam,

213 4647 357 4717 graeca,
383 4645 464 4692 cum
480 4617 525 4689 sit
539 4617 797 4710 propemodum
810 4615 926 4684 media
939 4615 1033 4687 inter
1046 4615 1208 4690 Platoni·
1260 4651 1350 4720 quae
1379 4629 1556 4697 neminem
1584 4629 1696 4700 laesit.
1763 4625 1911 4721 Optime
1935 4630 2084 4699 meritus
2108 4639 2188 4697 erat
2210 4628 2258 4698 dc

215 4711 940 4811 cam,Isocratem01D0ffl051h00302ffl·
976 4711 1210 4812 Plangran-
1259 4729 1371 4820 patria
1387 4727 1530 4815 Cicero,
1562 4733 1660 4801 etde
1682 4743 1755 4802 toto
1779 4730 1953 4822 lmperio,
1991 4729 2255 4822 sapientissime

215 4829 297 4899 dior
310 4839 361 4895 est
374 4839 408 4894 et
421 4823 551 4893 multas
565 4821 779 4914 peregrinas,
797 4819 962 4890 obscuras
976 4835 1010 4892 et
1023 4843 1124 4912 saepe
1135 4824 1210 4894 iro·
1260 4826 1477 4920 deprebensa
1500 4845 1533 4902 ct
1556 4857 1720 4925 oppressa
1743 4834 1928 4908 seditione.
1979 4829 2051 4902 Pro
2066 4828 2135 4904 boc
2150 4843 2255 4903 tanto

215 4931 314 5000 nicas
329 4925 584 5016 disputationes
599 4921 672 4993 suis
686 4921 854 5014 operibus
866 4921 1001 4997 intexit.
1028 4917 1211 4994 Isocrates
1261 4933 1430 5001 beneficio
1447 4949 1565 5025 postea
1581 4937 1769 5025 expellitur
1785 4937 1873 5006 urbe
1881 4987 1893 5022 ‚
1920 4959 1994 5005 non
2011 4935 2128 5004 solum
2143 4934 2258 5004 unius

215 5035 364 5102 fortasse
379 5025 488 5096 nimis
502 5025 603 5094 anxie
614 5023 807 5118 componit.
833 5017 1100 5094 Demosthenes
1109 5027 1211 5098 valde
1260 5035 1389 5125 perditi
1406 5030 1597 5132 nebulonis
1613 5039 1754 5122 scelere,
1778 5041 1838 5108 sed
1856 5039 1969 5108 molto
1985 5035 2097 5127 magis
2112 5033 2258 5104 Princi-

217 5143 362 5224 argutus
387 5139 449 5198 est.
501 5123 544 5197 ln
559 5117 731 5196 Cicerone
747 5125 979 5218 perspicuitas
998 5141 1048 5198 est
1064 5151 1212 5199 summa.
1261 5159 1347 5226 pum
1382 5137 1655 5226 ingratitudine,
1698 5141 1761 5232 qui
1792 5164 1873 5210 eum
1900 5155 2014 5229 tegere
2039 5138 2258 5212 debuerunt.

215 5233 264 5308 Et
282 5252 487 5329 quanquam
503 5229 540 5296 in
550 5227 751 5296 forensibus
762 5227 1211 5322 orationibussaepegran-
1261 5236 1349 5308 Post
1361 5253 1510 5310 mortem
1528 5237 1629 5325 lolii,
1655 5265 1735 5310 cum
1750 5242 1885 5332 optimo
1903 5241 2052 5312 consilio
2070 5237 2258 5311 Ciceronis

217 5337 486 5407 disest:tamen
501 5330 634 5424 ubique
649 5349 759 5418 genus
773 5331 946 5400 sermonis
956 5333 1138 5423 proprium
1150 5347 1212 5416 est,
1262 5341 1491 5412 fundamenta
1528 5343 1623 5434 pacis
1665 5365 1787 5414 rursus
1822 5343 1910 5412 iacta
1944 5356 2079 5425 essent,
2121 5341 2260 5411 sancita

216 5437 312 5510 etin
337 5435 464 5508 ordine
490 5433 731 5502 membrorum
749 5431 902 5502 multum
918 5432 1060 5506 consilii
1076 5447 1110 5506 ct
1124 5459 1212 5529 pru·
1263 5437 1449 5540 ἀμνηστίᾳ
1479 5444 1590 5513 veteri
1617 5445 1776 5538 exemplo
1799 5441 1934 5517 Attico:
1967 5439 2151 5515 Antonius
2177 5465 2259 5512 eum
