4814 6172
210 281 284 355 tot
790 272 1224 351 EPISTOLARUM
1274 273 1382 355 LlB.
1408 277 1490 356 Xll.
1545 279 1676 358 1554.

214 447 399 552 πάρεργα,
425 473 631 546 quanquam
656 451 819 522 insuavia
832 463 925 523 sunt.
977 447 1112 544 Scripsi
1136 447 1205 540 igi·
1254 447 1321 526 No.
1336 446 1450 526 5555.
2120 474 2151 534 1.
2166 459 2258 528 lien.

215 561 329 628 turad
347 569 525 648 pastorem
539 549 717 624 Ecclesiae
737 553 835 639 istic,
861 571 901 623 ut
924 548 1021 626 bunc
1043 553 1205 624 dolorem
1259 547 1431 576 Μ
2116 556 2246 588 “⁴⁸

213 659 349 745 vincat,
375 675 479 752 teque
499 679 604 747 rogo,
630 669 671 727 ut
689 679 770 727 eum
787 657 984 731 confirmes.
1038 654 1207 726 Tulimus
1594 651 1662 736 Io·
1694 653 1912 774 Sit'yelt‘o.

102 787 108 796 ·
213 778 314 834 antea
333 757 590 832 monachorum
607 760 754 833 rabiem.
795 759 898 830 Nunc
916 760 1048 830 similes
1064 758 1208 851 opinio·
1328 809 1540 882 tornampart
1556 808 1647 882 sum
1663 811 1760 883 qm·
1797 785 2096 886 cidtioruttaep.
2115 813 2175 868 Μ

133 876 138 880 “
216 891 278 936 nes
303 879 488 950 seruntur;
543 861 656 932 scelus
691 885 763 932 esse
785 864 899 933 forma
923 861 1030 933 vestis
1051 861 1207 932 ducitur.

213 965 262 1040 Et
285 970 326 1039 fit
356 964 424 1038 hoc
455 959 672 1060 κακοήθως,
727 966 810 1062 quia
840 961 879 1034 hi
914 967 1086 1036 clamores
1114 968 1208 1034 cient
1259 953 1486 1042 Clarissimo
1511 968 1609 1058 viro,
1642 969 1810 1067 ingenio,
1843 969 2049 1047 eruditione
2070 983 2103 1046 et
2124 973 2261 1048 virtute

215 1074 360 1164 plausus
378 1072 417 1140 in
436 1070 583 1164 populo.
628 1067 697 1138 Sed
714 1071 889 1158 abrumpo
906 1065 999 1138 hanc
1016 1067 1208 1162 querelam.
1257 1071 1485 1172 praestanti,
1511 1070 1565 1144 D.
1591 1070 1772 1145 Ioanni
1796 1073 2019 1172 stipatio,
2036 1073 2166 1178 fratri
2187 1103 2261 1150 suo

214 1165 436 1246 Commendo
461 1186 577 1242 autem
603 1171 672 1240 tibi
694 1166 792 1241 huno
813 1165 1008 1256 Alexim,
1032 1169 1209 1261 praeclare
1302 1226 1306 1234 .
1583 1177 1798 1268 carissimo,
1822 1179 1859 1253 S.
1878 1179 1926 1256 Ι).

214 1279 426 1348 instructum
443 1275 646 1346 eruditione
664 1276 702 1343 in
718 1297 841 1364 graeca
858 1275 979 1364 lingua
1005 1287 1039 1342 et
1063 1273 1102 1340 in
1126 1269 1209 1365 phi·
1262 1323 1299 1414 c
1356 1343 1364 1361 ⁸
1452 1345 1461 1362 ,
1621 1345 1631 1363 ‚
2104 1346 2113 1364 ι

214 1375 388 1472 losopffia·
438 1375 488 1448 E,
510 1373 568 1446 hic
584 1372 777 1447 Ecclesiam
801 1377 857 1467 pi,
878 1391 912 1446 et
929 1379 1063 1448 sincere
1078 1375 1208 1448 docuit·
1302 1343 1412 1418 lause.
1427 1370 1493 1416 vrr.
1508 1358 1543 1420 et
1559 1367 1678 1418 carus.
1691 1347 1811 1422 frater.
1844 1347 1905 1420 De
1916 1361 1978 1418 tuo
1996 1361 2137 1438 negotio
2152 1371 2263 1440 prae-

213 1481 312 1554 Bene
328 1497 361 1554 et
377 1481 528 1552 feliciter
545 1479 633 1554 vale.
686 1477 755 1550 Die
773 1481 834 1551 27.
849 1477 953 1552 Febr.
972 1474 1082 1554 1554.
1262 1445 1406 1540 “illlum
1423 1446 1655 1538 Q¹¹³⁰⁸l⁰reffl
1673 1445 1814 1522 ῖῦᾹῦΙθ
1833 1449 2061 1540 ῗῦῑθΐΐθέὂνῖ·
2110 1447 2148 1519 1⁸
2165 1445 2264 1518 mihi

821 1575 916 1652 Phil,
932 1576 1158 1656 Melamhom
1263 1551 1465 1642 respoudit,
1491 1551 1604 1623 solere
1628 1554 1730 1622 reddi
1757 1567 1887 1624 sortem
1908 1551 2169 1638 creditoribus,
2196 1556 2262 1623 sed

1263 1676 1302 1724 ea
1322 1654 1461 1744 negotia
1477 1657 1723 1726 commendata
1740 1679 1813 1727 esse
1828 1647 2003 1742 Poniceo,
2029 1670 2064 1726 et
2078 1655 2160 1724 aliis
2230 1655 2262 1726 i-

220 1789 1206 1806 --—--------—--------—-----
1264 1757 1425 1828 busdam.
1478 1755 1583 1828 Nunc
1606 1752 1675 1828 hoc
1698 1781 1798 1849 agere
1814 1759 1971 1860 decrevi:
1998 1680 2261 1852 alloquarqii»

1264 1855 1402 1928 niseum
1417 1859 1666 1952 cumprimum
1683 1877 1817 1954 potero,
1834 1883 1939 1955 quem
1952 1859 2024 1931 scio
2040 1863 2086 1932 de
2103 1873 2140 1932 te
2157 1884 2259 1954 prae-

213 1915 415 2046 Q⁰
701 2041 704 2048 ,
1040 1923 1212 2042 &Q
1263 1962 1356 2032 clare
1373 1963 1522 2044 sentire,
1548 1987 1591 2034 ac
1603 1987 1726 2056 spero,
1750 1965 1903 2036 libenter
1918 1963 1986 2035 tibi
2010 1977 2042 2034 et
2058 1963 2132 2036 tuis
2148 1967 2250 2056 grati·

519 2101 576 2190 S·
661 2103 713 2189 H
738 2106 775 2188 l·
1263 2065 1449 2136 litaturum
1478 2088 1562 2140 esse.
1624 2065 1734 2137 Mitto
1762 2065 1828 2138 tibi
1855 2079 1889 2137 et
1915 2065 1996 2158 aliis
2031 2067 2191 2158 pagellas
2213 2067 2252 2138 de

557 2128 632 2189 lm·
707 2131 736 2188 a
758 2131 871 2189 Μεθ’
1262 2165 1429 2260 Principe
1446 2161 1628 2262 Georgio,
1654 2193 1758 2263 quem
1779 2170 1852 2240 scio
1874 2168 1983 2240 fuisse
2003 2169 2259 2241 admiratorem

286 2262 336 2330 (Er
356 2264 444 2320 libro:
468 2265 724 2349 Epistolaejliquol
742 2269 958 2336 consolatoriae,
986 2270 1048 2342 piae
1066 2279 1119 2326 ele.
1144 2287 1209 2326 cura
1261 2269 1398 2362 ingenii
1415 2285 1572 2342 etvenae
1588 2285 1681 2344 tuae,
1732 2269 1832 2342 Malo
1848 2272 1934 2342 iales
1951 2271 2178 2343 laudationes
2203 2271 2262 2344 su.

320 2333 387 2404 ομ·
403 2333 631 2406 spangenbergn,
649 2337 762 2407 ΑΨ)
777 2337 852 2391 1565·
871 2339 896 2392 8.
916 2359 942 2411 p·
955 2337 995 2408 θ’)
1261 2373 1387 2444 nebres
1408 2375 1587 2444 bonorum
1609 2361 1769 2445 virorum
1794 2373 1967 2448 scribere.
1996 2399 2103 2468 quam
2127 2377 2260 2446 convi-

214 2469 384 2574 Philipp.
418 2474 611 2556 ΜεΙαηΙΙι.
647 2475 689 2554 S.
722 2479 774 2555 H,
807 2475 963 2558 Schdr'a,
998 2479 1210 2576 (Simoni
1261 2476 1336 2562 cia,
1360 2477 1528 2570 qualibus
1543 2471 1629 2547 haec
1645 2491 1738 2546 aetas
1756 2477 1967 2560 delectatur,
1991 2473 2061 2570 οὐχ
2082 2471 2171 2552 ὅσια
2194 2501 2263 2578 ye-

494 2581 727 2672 Haliaeo)
757 2578 802 2677 ¹⁵)
829 2583 867 2659 S.
894 2583 938 2658 D.
1259 2573 1326 2652 νεὰ
1347 2575 1446 2652 κακὰ
1469 2571 1619 2676 ῥάπτειν
1642 2576 1839 2674 ἀλληλοῒσι.
1900 2579 1983 2652 Non
2004 2581 2135 2650 deesset
2160 2577 2263 2652 mihi

1260 2677 1407 2754 honesta
1425 2681 1560 2769 oratio,
1586 2682 1617 2751 si
1631 2685 1845 2773 respondere
1866 2683 2004 2756 vellem.
2034 2677 2081 2750 Et
2095 2702 2258 2772 respon-

1259 2786 1352 2855 debo
1369 2787 1523 2857 taudem.
1575 2781 1683 2855 Mitto
1700 2785 1769 2856 tibi
1783 2777 1918 2856 Caroli
1931 2783 2090 2876 effigiem,
2103 2781 2144 2850 in
2158 2806 2252 2876 quo,

1259 2889 1324 2957 etsi
1352 2890 1524 2982 quaedam
1559 2888 1825 2974 desiderantur,
1859 2903 1979 2960 tamen
2000 2899 2080 2958 sunt
2104 2881 2251 2978 aliquae

1258 2991 1406 3062 eximiae
1420 2991 1579 3064 virtutes.
1633 2985 1682 3060 Et
1696 2991 1762 3062 scis
1777 2990 1889 3077 illud,

216 2702 432 2788 lieverende
445 2718 503 2788 vir
524 2733 558 2790 et
574 2718 684 2789 amice
702 2713 919 2789 charissime.
971 2717 1052 2790 Non
1068 2720 1206 2799 dubito,

214 2829 249 2888 te
264 2821 380 2912 ipsum
395 2821 435 2916 in
451 2815 595 2892 hoctun
610 2843 722 2910 agone
738 2835 772 2892 ct
789 2821 894 2892 dictis
909 2823 973 2891 filii
988 2820 1054 2894 Dei
1072 2837 1106 2894 ct
1121 2849 1205 2894 vero

214 2943 319 2992 sensu
336 2923 552 3014 praescntiae
567 2923 633 2992 filii
649 2921 718 2993 Dei
733 2924 772 2992 in
791 2925 992 3012 cordetuo,
1019 2941 1052 2997 et
1078 2927 1206 3019 spiritu

214 3037 334 3095 sancto
357 3026 408 3096 ita
428 3027 676 3098 confirmatum
695 3047 789 3106 esse,
817 3041 857 3099 ut
883 3053 957 3098 uon
981 3053 1121 3100 necesse
1148 3031 1205 3116 sit,
1759 3101 1764 3112 ,

212 3129 324 3199 multa
346 3129 440 3200 dicta
463 3129 502 3200 in
527 3124 593 3200 hac
614 3129 762 3222 epistola
785 3132 949 3216 recitare,
975 3147 1114 3204 tantum
1138 3157 1203 3202 oro
1343 3120 1445 3202 αὐτὰρ
1468 3120 1550 3203 ἀνὴρ
1572 3117 1698 3228 (ΞΙαθός
1718 3141 1792 3186 ²²⁰1⁶
1812 3122 1871 3202 pia
1893 3118 2007 3202 κακός,

212 3245 329 3302 tecum
352 3243 387 3302 et
408 3257 489 3302 cum
515 3233 596 3302 aliis
615 3233 684 3326 piis
707 3234 824 3325 ipsum
846 3235 960 3305 filium
977 3232 1061 3319 Dei,
1087 3235 1205 3305 domi·
1425 3206 1577 3272 fflm'd
1599 3206 1726 3281 “hm‘'

212 3357 300 3402 num
326 3348 488 3404 nostrum
519 3333 636 3406 lesum
666 3331 871 3422 Christum,
902 3338 1107 3406 crucifixum
1137 3361 1202 3428 pro
1256 3327 1305 3402 Et
1323 3345 1416 3402 certe
1437 3331 1506 3402 tuis
1532 3329 1677 3421 optimis
1703 3330 1866 3400 versibus
1885 3331 2052 3400 laudatus
2067 3340 2132 3401 est.
2187 3323 2252 3398 Fu·

212 3435 317 3506 nobis
332 3448 366 3505 et
387 3435 650 3520 resuscitatum,
676 3461 715 3507 ac
738 3461 819 3507 vere
845 3439 1068 3528 colligentem
1090 3453 1203 3510 aeter·
1256 3448 1373 3526 specto
1396 3430 1597 3523 Epicediou
1619 3431 1775 3524 optimae
1797 3429 1992 3517 Dominae,
2024 3429 2196 3519 coniugis
2211 3429 2247 3498 il-

211 3561 294 3608 nam
310 3533 505 3610 Ecclesiam
528 3563 613 3610 voce
626 3535 832 3630 Evangelii,
857 3553 898 3610 ut
913 3555 947 3611 te
962 3541 1146 3613 confirmet
1169 3557 1203 3614 et
1255 3526 1655 3627 lustrist.Principis*)·
1707 3532 1778 3605 Hic
1801 3559 1945 3632 quoque
1966 3531 2185 3626 praescripsi
2201 3555 2252 3602 ar-

210 3655 370 3732 protegat
392 3655 426 3712 tc
451 3641 542 3712 sicut
565 3637 752 3712 Danielem
779 3643 932 3733 protexit
954 3643 1049 3714 iuter
1068 3645 1202 3730 leones,
1254 3651 1422 3728 gumeuta
1445 3637 1576 3708 nostris
1600 3636 1838 3709 auditoribus.
1900 3635 2000 3707 Bene
2024 3634 2104 3704 vale
2135 3649 2175 3708 et
2202 3657 2258 3704 re-

210 3757 246 3816 et
268 3743 360 3814 sicut
382 3745 537 3816 servavit
559 3745 746 3815 tresviros
769 3744 964 3816 infumare
977 3746 1201 3842 babylonica,
1253 3741 1386 3828 scribe,
1410 3764 1457 3812 au
1471 3735 1535 3810 has
1551 3739 1670 3810 literas
1684 3739 1871 3834 acceperis.
1920 3738 1996 3812 Cal.
2016 3735 2160 3810 Martii.

211 3848 255 3916 de
287 3847 418 3940 quibus
448 3841 514 3916 hos
538 3846 731 3916 versiculos
760 3846 919 3941 quotidie
954 3849 1104 3923 recitant
1130 3853 1200 3921 mei
1765 3838 1954 3934 Philippus
1974 3833 2208 3912 Melassihffl·

210 3949 429 4021 convictores
444 3951 489 4018 ad
504 3971 677 4018 mensam:
1873 3963 1876 3972 '

260 4056 306 4120 Te
327 4071 445 4120 maneat
461 4079 577 4140 semper
591 4071 725 4120 servante
738 4055 871 4121 Ecclesia
890 4055 1004 4123 Christi

259 4153 435 4244 Insertoque
450 4163 530 4242 ipsi,
555 4181 611 4222 nos
625 4176 678 4224 tun
694 4161 797 4223 dextra
810 4175 900 4244 tegat.

259 4257 336 4325 Tres
350 4267 434 4325 velut
450 4267 483 4324 in
499 4265 619 4326 ilamma
632 4279 720 4328 testes
736 4267 1030 4347 babylonideservas
1265 4234 1333 4309 ΝΟ·
1348 4229 1462 4309 5554·
2070 4233 2267 4362 Q

258 4361 329 4428 Rex
345 4367 398 4427 ubi
412 4381 616 4448 praesentem,
644 4381 673 4430 te
690 4367 767 4430 vidit
783 4391 845 4431 erse
858 4366 970 4433 Deum.
1929 4435 1938 4453 ‚

209 4455 319 4531 Mitto
343 4463 410 4532 tibi
439 4463 594 4555 pagellas
629 4465 671 4533 de
687 4451 859 4556 'principe
879 4461 1109 4552 Anhaldino‚
1135 4439 1198 4562 qui
1517 4430 1580 4522 A·
1608 4432 1975 4552 Hardenbssi'ffw·

208 4563 313 4634 etiam
328 4565 459 4636 multos
472 4588 619 4656 magnos
630 4567 770 4637 dolores
784 4584 928 4660 propter
942 4559 1207 4640 confessionem
1321 4589 1390 4662 Epp.
1407 4589 1441 4644 ad
1458 4590 1693 4664 flamentergtum
1709 4611 1751 4665 ep.
1768 4591 1832 4648 ΧΠ.

207 4657 394 4758 Evangelii
411 4669 569 4762 pertulit.
595 4665 693 4740 Bene
705 4669 793 4739 vale.
821 4667 968 4746 Calend.
982 4671 1118 4745 Martii.
2025 4747 2032 4767 ,

1428 4743 1483 4818 D.
1510 4741 1703 4819 Alberto
1729 4743 2058 4845 Hardthergto

240 4921 501 5052 hilariusque
518 4930 589 5012 pane
609 4928 820 5010 quoqueepin.
839 4929 891 5012 not
913 4928 1001 4984 decri
1022 4927 1057 4983 ιῐι
1079 4927 1143 4982 v01.
1162 4927 1197 4984 11.
1250 4886 1301 4978 S·
1324 4905 1368 4980 Ι).
1420 4903 1634 4980 Reverendo
1658 4909 1715 4978 vir
1739 4924 1773 5030 et
1799 4909 1979 5030 carissime
1992 4911 2115 4982 irater.
2177 4913 2283 4989 Sci.

274 4996 1126 5134 ttaieatttt‘littaz²fttt¹20ltl²it¹utili?
1144 4998 1198 5120 ¹32:
1250 5030 1383 5080 ΨΜ
1399 5004 1954 5083 h³⁰⁶¹1f²¹³³⁶²d0¹¹s³ffl¹¹⁰d¹
1970 5027 2111 5084 Μ)
2135 5021 2287 5094 “¹³5⁰-

274 5151 366 5201 „rum
388 5133 469 5189 etiam
487 5135 521 5190 ab
546 5135 593 5200 iis,
611 5135 657 5208 qui
671 5157 733 5192 enm
747 5137 781 5190 ad
794 5136 974 5192 constantiam
993 5135 1098 5192 borteri
1111 5104 1196 5192 ‹lebe-

273 5203 381 5272 „bant,
411 5203 447 5256 ob
470 5205 611 5262 estimem
630 5205 761 5279 evangelii
785 5205 862 5261 valde
886 5203 1011 5260 addictos
1037 5215 1092 5273 est,
1119 5206 1195 5263 1555.

273 5289 320 5341 „a
333 5271 375 5330 ⁵4.
393 5272 508 5345 Pragam
522 5275 619 5330 citatus
631 5275 661 5328 iu
676 5274 785 5330 vincula
800 5275 942 5330 coniectus
955 5285 1007 5339 est,
1025 5283 1094 5330 tone
1108 5290 1193 5333 aeeu-
1279 5275 1312 5347 *t
1331 5275 1468 5346 Loquitur
1483 5277 1517 5334 de
1531 5277 1653 5351 Sibylla,
1672 5278 1791 5402 coniupe
1813 5279 1928 5334 loannis
1941 5278 2074 5335 Friderici
2087 5279 2187 5338 Ducis
2206 5291 2281 5348 Sa:

273 5349 391 5411 „satus,
402 5343 495 5468 rvppod
517 5345 658 5399 seditiosas
677 5343 830 5398 conciones
851 5345 972 5401 baberet.
1013 5345 1100 5416 igitur
1117 5345 1193 5406 1555.
1316 5345 1471 5411 Electoris,
1489 5357 1551 5402 nrtr
1564 5367 1595 5400 cr
1610 5347 1712 5402 familia
1723 5350 1756 5402 Iu
1769 5349 1933 5418 lacensium,
1953 5359 2064 5405 morin:
2077 5341 2296 5425 ‹infebfi

271 5429 390 5479 „mense
451 5411 678 5468 ioadearcerem
692 5413 898 5496 iterumraptut
919 5414 1016 5468 eodem
1034 5433 1108 5471 anno
1126 5431 1190 5470 ma·
1315 5415 1394 5471 15⁵⁴.
1437 5415 1617 5498 Epitaphium
1632 5435 1649 5470 r
1665 5417 1846 5475 Melantbone
1863 5418 1998 5492 scripturn
2016 5419 2076 5474 rid.
2101 5419 2131 5474 in
2154 5417 2295 5495 Eiuffl·

270 5489 408 5553 „guatm
422 5483 621 5538 nonnullorum
634 5483 763 5553 precibus
777 5483 903 5537 dimissus
915 5482 989 5538 αι’·
1317 5484 1489 5556 Epigramm.
1508 5505 1536 5555 p.
1551 5485 1612 5539 22⁵.
