4814 6172
90 315 96 324 ·
228 293 303 370 167

234 469 295 565 qni
314 469 541 542 laetabuntur
558 469 770 560 cogitatione
785 467 928 540 virtutis
944 465 1133 536 maiorum.
1168 461 1223 533 Te

233 597 375 666 qtroque
396 573 469 642 scio
495 575 620 644 talium
646 573 856 663 scriptorum
880 569 1030 638 lectione
1046 565 1223 638 delectari.

234 675 356 764 Quare
379 677 423 744 de
446 669 513 744 hac
537 677 640 745 read
663 687 696 745 te
718 671 854 764 scripsi.
903 669 991 742 Peto
1007 685 1123 742 antem
1139 691 1224 760 pro-

234 791 314 870 pter
334 778 518 846 literarum
541 772 713 846 honorem
739 787 775 845 et
798 771 896 848 aliud
922 773 1091 843 officium.
1154 767 1225 845 Hic

235 876 419 950 Henricas
443 879 620 948 dedicavit
635 875 783 950 Senatui
803 887 918 946 vestro
941 897 1102 954 carmen,
1128 871 1225 964 quod

237 1007 318 1052 cnm
345 975 510 1050 exhibere
537 981 639 1064 velit,
676 1001 767 1070 opus
790 988 841 1046 est
864 975 896 1044 ei
919 972 1226 1046 commendatione

239 1099 299 1154 tua
323 1085 368 1154 ad
392 1082 583 1154 consulem.
632 1078 709 1151 Scis
727 1080 789 1149 illa
804 1069 1009 1148 Theocriti:
1043 1073 1147 1170 αὐτῷ
1161 1067 1228 1168 μοί

239 1210 274 1270 rs
295 1181 457 1282 γένοιτο,
495 1177 581 1254 θεοὶ
603 1185 762 1272 τιμῶσιν
784 1173 953 1260 doctioris·
1002 1177 1075 1249 Nec
1096 1177 1226 1246 mirum

241 1301 310 1372 est,
342 1309 417 1354 non
452 1285 571 1379 appeti
604 1296 742 1354 nostras
770 1305 902 1352 merces
933 1282 972 1350 in
999 1276 1064 1350 bac
1086 1279 1228 1348 miserta

239 1403 452 1480 temporum.
500 1379 555 1454 T'e
569 1399 688 1455 tamen
700 1407 776 1467 oro,
796 1397 837 1456 ut
851 1383 987 1478 aliquid
1003 1382 1035 1453 ei
1051 1381 1228 1474 impetres.

238 1485 337 1560 Bene
351 1489 440 1558 vele.
491 1485 560 1557 Die
579 1483 637 1560 14.
654 1485 800 1578 Aprilis.

259 1927 326 2000 No.
341 1921 454 2000 5588.

246 2025 459 2062 m

896 1935 953 1998 16.
968 1927 1046 2010 Aps.
1074 1928 1122 2009 (b.
1137 1928 1207 2012 ni)

875 2024 1231 2069 nov-..a

563 2127 663 2214 Vct.
691 2123 908 2212 Heckero.

312 2313 332 2378 «l
350 2307 388 2363 lis
400 2325 495 2380 apogr.
508 2306 538 2361 in
550 2305 613 2362 cod.
626 2303 714 2359 Paris·
733 2301 769 2362 D.
783 2301 813 2362 b.
830 2300 890 2365 54⁸.

273 2481 540 2558 Valentino
565 2473 756 2557 Hester,
781 2469 937 2547 Pastori
955 2471 1147 2548 Ecclesiae
1164 2475 1206 2549 in

608 2573 862 2651 Schwibosen.

243 2724 465 2808 Venerando
480 2732 552 2812 vir,
579 2729 690 2800 amice
707 2728 898 2804 carissime.
934 2727 1100 2801 Delector
1114 2729 1231 2802 officio

242 2855 324 2926 tuo,
355 2838 452 2932 quod
472 2833 608 2928 aliquid
628 2834 673 2902 de
690 2845 750 2903 tua
765 2827 922 2902 Ecclesia
940 2831 1162 2921 significasti,
1190 2858 1231 2904 ac

241 2953 341 3036 peto,
364 2952 406 3010 ut
418 2960 521 3028 saepe
537 2937 581 3004 ad
598 2957 652 3002 me
666 2935 810 3006 scribas.
861 2931 1010 3004 Prodest
1019 2933 1138 3014 enim.
1165 2958 1231 3006 nos

241 3041 410 3114 omnibus
451 3037 576 3109 officiis
616 3035 709 3106 tueri
739 3035 1026 3114 coniunctionem
1060 3049 1230 3111 nostram.

241 3143 461 3228 Diaconum,
492 3163 599 3234 quem
621 3138 800 3223 misimus,
825 3161 928 3230 spero
946 3153 1038 3208 recte
1053 3138 1229 3210 iactumm

242 3269 317 3317 esse
341 3245 449 3314 officii
471 3241 527 3312 sui
548 3240 698 3314 labores.
747 3233 797 3310 Et
817 3251 898 3309 tuae
922 3239 1130 3331 prudentiae
1151 3241 1231 3326 erit,

241 3373 322 3418 eum
343 3347 552 3438 gnbernare.
602 3338 651 3412 Et
668 3342 800 3412 iustum
816 3353 885 3423 est,
910 3365 991 3410 eum
1010 3341 1076 3411 tibi
1092 3343 1231 3412 obtem-

242 3473 376 3541 perare.
435 3443 490 3516 De
518 3440 705 3514 Stancaro
743 3454 823 3534 post
855 3441 931 3513 eius
965 3443 1156 3513 discessum
1188 3466 1230 3514 ex

242 3547 497 3620 Francolordia
525 3540 618 3613 nibil
645 3541 767 3615 audivi
791 3555 929 3635 praeter
953 3543 1031 3630 illa,
1070 3549 1160 3638 qu'ae
1189 3557 1231 3616 tn

242 3647 456 3742 significasti.
505 3642 583 3736 Ego
605 3670 686 3719 eum
703 3667 888 3738 nunqnam
905 3645 1000 3732 vidi,
1026 3659 1062 3718 et
1077 3647 1231 3738 optarim

241 3753 362 3846 potius
374 3749 526 3820 anticum
543 3771 617 3818 esse
632 3747 763 3818 nostris
775 3743 960 3832 Ecclesiis,
986 3772 1092 3841 quam
1109 3747 1232 3817 inimi-

243 3879 335 3926 cum.
384 3849 458 3920 Nec
474 3873 634 3944 unquam
651 3849 736 3920 laesi
751 3872 852 3938 enm,
878 3873 959 3919 curn
978 3853 1053 3940 ipse
1070 3850 1108 3918 in
1125 3862 1232 3920 meet

243 3956 332 4027 alios
360 3951 584 4023 acerbissime
613 3943 846 4022 debacchatus
868 3950 925 4024 sit.
991 3947 1060 4022 Sed
1085 3951 1155 4022 tale
1180 3965 1232 4022 est

244 4057 401 4128 seculum
430 4047 519 4136 boe,
560 4053 706 4143 plenum
737 4051 938 4142 arrogantia
960 4065 996 4120 et
1025 4052 1232 4143 petulantia.

242 4157 318 4232 Nos
333 4157 490 4226 modeste
502 4153 672 4224 iaciamus
689 4177 746 4239 ea,
771 4175 861 4246 quae
878 4167 962 4224 sunt
980 4153 1094 4225 nostri
1111 4154 1231 4236 officii,

244 4275 279 4332 et
301 4281 366 4329 nos
381 4254 457 4327 Deo
481 4256 789 4340 commendemus,
815 4267 850 4324 et
866 4254 912 4324 ab
927 4279 968 4324 eo
985 4269 1166 4348 petamus,
1191 4269 1232 4327 ut

243 4385 310 4430 nos
333 4359 504 4450 gubernet
526 4370 562 4428 et
579 4356 742 4442 adiuvet,
770 4379 811 4426 ec
825 4355 934 4426 simus
949 4379 1121 4428 memores
1137 4371 1233 4428 rete·

244 4465 293 4533 ris
309 4462 412 4532 dicti:
439 4454 575 4554 ἀνέχου
593 4453 657 4530 arai
671 4453 822 4550 ἀπέχου.
864 4455 971 4529 Mitto
990 4460 1053 4531 tibi
1069 4459 1232 4552 pagellas.

244 4561 342 4636 Bene
358 4563 436 4634 vale
454 4575 488 4634 et
503 4560 666 4636 rescribe.
721 4559 780 4636 16.
795 4553 942 4652 Aprilis.
1114 4655 1183 4737 Ph

1080 5109 1136 5176 17.
1157 5100 1234 5188 Ape.

1081 5197 1233 5226 m

585 5295 638 5384 ii.
664 5297 890 5385 Fabricio.

313 5469 336 5538 †
353 5465 390 5518 lii
404 5457 561 5536 apographo
573 5457 603 5520 ir
616 5455 713 5517 radias
729 5457 886 5529 zittsriensi
904 5477 947 5534 ep.
961 5461 1006 5522 11.

802 286 1239 369 EPlSTOLAliUM
1291 287 1505 373 mnan.
1558 287 1688 368 1654.

2185 299 2260 377 268

1276 457 1478 558 Georgia
1503 456 1750 550 Fabricio,
1789 465 1962 564 (gubern.
1988 460 2106 542 scisci.
2130 467 2269 572 Mirm)

1276 598 1325 688 S.
1348 611 1395 685 Ι).
1444 611 1626 700 Fratrem,
1651 617 1768 686 virum
1784 617 1970 710 optimum,
1994 621 2080 692 iussi
2095 624 2139 692 ad
2156 621 2269 696 Sena-

1277 731 1352 788 tum
1379 711 1650 786 Northusanum
1686 721 1879 812 proficisci,
1921 737 1961 794 ut
1987 747 2105 794 coram
2132 727 2269 812 audiat,

1278 818 1364 911 quid
1383 817 1493 886 velint
1510 832 1673 894 statuere.
1710 820 1801 892 Nam
1816 847 1914 894 mora
1930 824 2000 894 iam
2016 826 2183 898 attulerat
2201 828 2268 898 ali·
2300 911 2303 918 Ι

1279 919 1366 1014 quid
1395 919 1494 994 novi.
1555 913 1703 994 Obtulit
1736 924 1831 994 enirn
1862 925 1954 996 alius
1984 949 2083 998 suam
2110 953 2270 1020 operam.

1279 1021 1349 1094 Sed
1385 1044 1466 1090 cnm
1492 1019 1644 1094 Senatus
1675 1026 1719 1094 ad
1746 1049 1803 1096 me
1828 1027 2041 1119 scripsisset,
2069 1029 2190 1099 fratris
2217 1033 2272 1102 tui

1281 1121 1496 1192 mentionem
1514 1123 1593 1198 ieci.
1630 1124 1700 1197 Sed
1716 1131 2003 1200 commendemus
2016 1155 2081 1201 nos
2096 1131 2171 1202 filio
2191 1129 2273 1220 Dei,

1195 1277 1205 1295 .
1281 1225 1419 1298 custodi
1431 1221 1627 1314 Ecclesiae,
1650 1227 1709 1300 cui
1725 1242 1763 1299 tu
1780 1254 1922 1326 quoque
1936 1229 1994 1324 pie
2009 1231 2130 1308 servis.

1385 1407 1477 1481 Aula
1497 1411 1596 1484 iubet
1608 1437 1675 1485 nos
1689 1409 1939 1514 Naopyrgum
1947 1413 1975 1516 ¹)
1992 1419 2172 1506 accedere,
2200 1446 2274 1516 quo

1283 1507 1430 1582 Saevici
1442 1527 1477 1584 et
1488 1509 1664 1585 Hessiaci
1675 1519 1836 1590 doctores
1853 1523 1994 1592 venturi
2011 1545 2084 1592 esse
2105 1523 2273 1594 scribun-

1284 1627 1352 1688 tur.
1386 1613 1539 1686 Miratus
1552 1640 1629 1687 sum
1645 1614 1738 1690 hanc
1755 1621 1987 1714 perniciosam
2003 1627 2275 1722 πολυπραγμο-

1285 1709 1414 1809 σύνην.
1448 1715 1521 1788 Το1
1535 1720 1663 1790 moniti
1679 1724 1866 1815 exemplis,
1892 1723 1931 1794 in
1946 1725 2077 1820 quibus
2092 1726 2273 1814 viderunt,

1284 1831 1457 1911 qnantum
1472 1819 1557 1888 mali
1569 1825 1731 1896 adferant
1747 1823 1883 1920 Synodi
1901 1839 1934 1894 ct
1949 1827 2088 1897 iocosae
2102 1829 2273 1899 concilia-

1286 1919 1400 1989 tiones
1426 1935 1486 1992 aut
1512 1925 1732 2018 corruptelae
1753 1950 1876 1996 rursus
1898 1927 2062 1998 indicunt
2083 1931 2266 2022 synodum.

1286 2018 1338 2092 Ac
1352 2025 1513 2094 nondum
1528 2025 1612 2110 scio,
1636 2028 1733 2097 unde
1747 2043 1823 2099 orta
1837 2052 1892 2098 res
1907 2029 1963 2100 sit.
1993 2029 2032 2102 Si
2046 2023 2264 2125 ttticotaus’)

1285 2123 1323 2191 in
1349 2125 1502 2214 patriam
1528 2127 1680 2214 redibit,
1717 2127 1924 2200 Hessiacnm
1954 2123 2157 2210 bominem,
2173 2135 2272 2205 vobis

1286 2227 1514 2314 commendo,
1546 2229 1608 2320 qui
1630 2231 1753 2302 scribit
1775 2255 1937 2318 carmen,
1964 2234 2009 2302 de
2026 2258 2097 2328 quo
2115 2235 2277 2308 iudicare

1285 2337 1385 2416 potes
1401 2349 1443 2396 ex
1458 2329 1621 2419 pagellis,
1647 2355 1735 2426 quas
1749 2327 1805 2402 bis
1819 2333 1933 2404 literis
1947 2335 2104 2408 adiunxi.
2156 2334 2279 2409 Hodie

1286 2427 1353 2497 iter
1371 2428 1571 2517 ingredior,
1596 2429 1672 2502 Deo
1690 2434 1898 2521 adiuvante,
1922 2436 2039 2507 iturus
2055 2435 2216 2530 Lipsism
2233 2443 2278 2510 ad

1285 2543 1498 2617 mercatum,
1535 2545 1641 2603 uteo
1664 2539 1827 2606 accedere
1846 2537 1943 2607 soleo
1967 2539 2135 2631 colloquii
2154 2564 2279 2616 cause.

1285 2626 1333 2700 lte
1354 2654 1450 2701 nunc
1466 2625 1613 2726 Augias
1633 2629 1790 2730 hospites
1811 2641 1933 2711 doctos
1948 2653 1985 2711 et
1996 2635 2157 2710 honestos
2172 2643 2280 2714 viros

1285 2755 1326 2802 eo
1344 2733 1447 2804 duco.
1498 2733 1597 2806 Bene
1612 2737 1700 2815 vale.
1751 2739 1819 2812 Die
1840 2742 1899 2817 17.
1910 2735 2052 2836 Aprilis.

2020 2869 2215 2968 Philippus.

2124 3111 2279 3130 ἡ

1297 3267 1365 3344 Νο.
1380 3263 1495 3344 5585.

1285 3363 1497 3399 Μ

2113 3289 2176 3354 18.
2188 3283 2262 3369 Apr.

2093 3372 2262 3406 Μ

1627 3469 1726 3558 Vari,
1757 3471 1930 3560 Curtio.

1351 3650 1374 3720 a
1391 3646 1430 3703 n
1442 3665 1538 3722 apogr.
1553 3645 1581 3701 a
1594 3646 1657 3704 eoa
1670 3645 1756 3706 esa..
1773 3647 1811 3706 o.
1824 3647 1855 3706 1.
1867 3649 1927 3750 ⁵⁴.'·

1283 3812 1495 3891 Reverendo
1522 3816 1600 3888 vira
1621 3812 1823 3889 eruditione
1842 3827 1875 3890 et
1901 3818 2031 3892 virtute
2051 3823 2283 3921 praestanti,

1283 3919 1338 3996 D.
1371 3917 1640 3993 Valentino
1665 3913 1855 4008 Cisrtio,
1881 3917 2069 4022 Episcopo
2084 3919 2285 3996 Ecclesiae

1282 4018 1362 4094 Dei
1381 4021 1420 4094 in
1437 4019 1577 4118 inclyta
1593 4021 1680 4092 urba
1695 4015 1866 4109 Lubeca,
1900 4018 2075 4122 στεφάνῳ
2090 4021 2287 4100 Saxonici

1517 4121 1675 4212 littoris,
1690 4123 1898 4225 fratrissae
1914 4123 2044 4200 carias.

1285 4273 1333 4364 S.
1382 4287 1593 4362 Reverendo
1625 4287 1682 4360 vir
1714 4303 1751 4361 et
1784 4289 1963 4360 carissime
1993 4291 2114 4366 irater.
2167 4289 2286 4387 Apud

1284 4390 1469 4462 Platonem
1492 4390 1684 4482 disputatio
1709 4406 1758 4464 est
1780 4393 1826 4462 de
1848 4391 1944 4462 dicto
1960 4389 2176 4464 Simonidis:
2207 4422 2287 4489 χα-

1285 4487 1396 4566 ianda
1421 4487 1598 4592 γίνεσθαι
1617 4485 1855 4590 τετράγωνον
1874 4487 1938 4566 καὶ
1960 4487 2077 4585 μόνος
2093 4491 2185 4578 θεὸς
2208 4496 2284 4592 ἔχει

1284 4598 1397 4766 alpino
1411 4591 1543 4764 Ξὲραιςίς
1565 4587 1885 4768 δι’]ίῐὲῗιιιείξινὲ
1896 4591 2159 4768 periectam‚·p,t
2172 4599 2286 4772 solius

1285 4717 1618 4868 mibiiudbaiiiie
1651 4709 2010 4890 intirinitaiodictiniil
2025 4721 2125 4886 iii:vn
2139 4723 2291 4874 eiiamii

1287 4899 1378 4970 alius
1399 4899 1439 4968 in
1459 4899 1531 4970 alio
1551 4920 1679 4988 genere
1700 4895 2111 4993 aliquantoplusbabet
2124 4903 2292 4980 roboris.

1286 4999 1434 5072 Necesse
1457 5013 1509 5071 est
1530 5014 1646 5071 autem
1670 5023 1962 5096 unumquemque
1984 5025 2047 5074 sue
2068 5017 2166 5076 sorte
2193 5030 2293 5078 con-

1287 5115 1425 5173 tentum
1448 5123 1534 5178 esse.
1585 5099 1700 5173 Filius
1720 5125 1817 5174 nunc
1831 5099 1898 5174 Dei
1921 5103 2092 5176 &deficio
2107 5121 2207 5218 recte
2222 5132 2295 5182 va-

1324 5377 1351 5444 1)
1370 5373 1589 5448 Naamburgrsr.

1322 5463 1352 5534 Ξ)
1370 5461 1498 5518 Nicolaus
1513 5461 1592 5518 tutu
1612 5479 1634 5519 s.
1651 5461 1812 5522 Politirnss.
