4782 6182
810 278 1248 371 EPISTULARUM
1310 285 1416 364 ΜΒ.
1443 287 1525 368 xtt.
1559 289 1689 374 ld5d.
2194 303 2278 378 852

328 465 465 552 Calcei,
507 465 669 551 acalce,
705 480 754 536 est
778 467 941 556 generale
968 487 1112 540 nomen.
1178 455 1228 534 Et
1282 457 1368 544 Dei,
1394 462 2030 560 utipsumetnosomncsgubernct.
2083 471 2200 546 Mitto
2221 477 2289 547 tibi

231 585 363 640 veteres
384 569 491 640 calcei
514 571 642 640 usitate
663 569 714 638 sic
735 570 841 654 dicti,
869 569 1114 660 suntiutegri,
1138 569 1228 639 sicut
1282 563 1477 654 pagellam,
1510 568 1549 636 in
1565 594 1634 662 qua
1649 571 1850 642 dulcissima
1867 573 1960 644 dicta
1976 588 2061 645 scrut
2075 579 2121 646 de
2139 577 2290 649 Media.

231 673 303 744 mei
316 672 434 756 calcei,
460 685 493 740 et
509 672 832 742 sicutsaccrdotum
848 672 956 740 calcei
971 673 1056 740 olim
1073 673 1230 743 luerunt.
1283 679 1359 733 tore
1369 657 1421 760 *).
1485 667 1539 740 Dc
1566 673 1673 742 rebus
1695 666 1926 744 Pannonicis
1957 676 2046 746 scire
2079 693 2113 749 tc
2141 682 2291 772 opinor,

232 773 280 846 Et
304 776 392 844 tales
413 774 521 844 scrisse
543 771 682 845 Romae
708 787 910 844 senatorum
930 773 1081 860 calceos,
1111 788 1230 844 osten·
1283 761 1521 838 Archiducem
1551 795 1631 842 eum
1654 767 1813 847 exercitu'·
1830 777 1869 846 in
1895 769 2140 848 Pannoniam
2167 786 2290 875 prole-

233 880 323 948 gum
339 889 475 946 vegete,
494 885 639 950 ,gamag
1283 881 1378 936 ctum
1406 893 1494 942 esse.
1554 873 1746 946 Precarnur
1768 877 1907 970 ,Filium
1938 877 2005 948 Dei
2033 897 2073 952 ut
2109 887 2289 976 reprimat

337 975 505 1049 Sandalia
536 991 620 1048 sunt
651 1001 724 1048 non
756 979 884 1068 integri
912 979 1036 1062 calcei,
1071 979 1131 1046 sed
1165 979 1231 1047 sub
1283 963 1319 1038 T
1320 993 1435 1046 ursos.
1497 973 1667 1048 Videmus
1688 1001 1880 1068 regnorum
1903 981 2038 1068 minas,
2071 989 2287 1076 etprosecto

236 1081 325 1174 pede
340 1081 437 1150 velut
451 1082 620 1160 tabellae,
653 1093 686 1150 et
703 1105 807 1170 supra
830 1083 956 1173 pedem
978 1081 1121 1150 subtilia
1143 1080 1231 1169 liga·
1285 1087 1401 1142 metuo
1425 1075 1884 1166 irmptiouesTurcicasiu
1898 1075 2171 1178 Germaniam.
2222 1089 2289 1161 Sed

237 1185 329 1252 cula:
362 1177 524 1266 auerte,
556 1184 591 1250 id
616 1185 829 1266 osterholte,
855 1197 890 1252 et
908 1177 998 1268 δέω,
1025 1184 1059 1252 id
1083 1196 1132 1250 en
1145 1182 1230 1270 ligo.
1284 1197 1349 1242 oro
1370 1174 1502 1246 Filium
1524 1177 1610 1262 Dei,
1648 1195 1688 1252 ut
1718 1185 1879 1274 publicas
1904 1197 1938 1254 et
1961 1187 2117 1278 privatas
2156 1215 2289 1281 poenas

238 1283 333 1374 Quia
351 1285 498 1355 tabellae
515 1285 719 1370 inferiores,
754 1297 899 1377 propter
920 1287 1072 1355 calorem
1089 1281 1125 1352 in
1144 1286 1231 1370 solo,
1284 1275 1408 1359 leniat,
1442 1303 1507 1348 nec
1541 1283 1633 1353 sinat
1665 1286 1776 1356 deleri
1808 1285 1995 1364 Ecclesiae.
2062 1287 2168 1364 Bene
2204 1297 2288 1365 vate.

221 289 295 370 ddi

237 1389 381 1456 luerunt
398 1388 588 1460 densiores.

340 1485 482 1578 Caligac
507 1501 591 1560 sunt
609 1501 809 1576 tegumenta
838 1488 984 1576 paulum
1005 1511 1109 1590 supra
1139 1511 1229 1576 genu

236 1591 464 1684 incipientia,
491 1605 525 1662 ct
538 1591 735 1660 desinentia
750 1593 793 1659 ad
810 1593 911 1674 talos,
932 1599 1064 1689 stump‚
1089 1599 1231 1686 strump

238 1685 369 1763 hosen:
403 1693 577 1763 militibus
593 1691 761 1776 usitatae,
794 1707 829 1764 et
845 1692 937 1764 aliis.
988 1693 1056 1765 Sed
1076 1695 1230 1763 militum

240 1796 370 1884 caligae
384 1797 530 1866 luerunt
545 1810 690 1866 ornatae
705 1809 850 1886 propter
865 1795 985 1866 brevia
1000 1819 1098 1886 saga,
1128 1797 1164 1864 id
1181 1809 1232 1866 est

239 1899 376 1966 tunicas
393 1899 575 1967 militares.
626 1897 716 1966 Nam
733 1909 886 1967 vetustas
901 1921 972 1967 non
989 1914 1040 1969 est
1057 1923 1119 1970 usa
1135 1899 1229 1968 intc-

239 1999 311 2088 gris
339 1999 477 2088 caligis,
516 2013 557 2070 ut
585 2013 726 2068 nostrae
749 2015 850 2086 sunt,
881 2013 1035 2088 tegentes
1059 2001 1230 2071 continuo

239 2115 357 2186 nates,
388 2100 521 2171 femora
540 2115 574 2173 et
590 2102 705 2172 tibias.
764 2100 857 2191 Quia
879 2115 1032 2174 vetustas
1053 2105 1122 2184 sub
1137 2119 1230 2173 exte-

239 2203 328 2271 riori
358 2217 454 2273 vcste
484 2227 622 2296 semper
643 2205 711 2274 luit
737 2204 834 2274 intus
857 2217 945 2274 tecta
971 2206 1071 2275 brevi
1097 2207 1230 2289 tunica,

238 2328 328 2396 quae
342 2307 547 2380 nominatur
558 2301 688 2400 χιτών.
743 2304 895 2398 Corpori
911 2309 1070 2397 proxima
1085 2309 1153 2378 suit
1174 2309 1230 2375 iu-

238 2407 368 2490 terula,
402 2401 548 2482 hcmhd.

339 2503 455 2580 Ocrea
470 2524 522 2579 est
537 2523 674 2580 tanturn
691 2510 869 2602 equitum,
892 2499 1123 2594 heinharnis,
1141 2505 1231 2606 stis-

230 2605 293 2708 sel
304 2607 353 2702 ²),
377 2632 480 2682 ocrea
496 2612 662 2684 corticea.
707 2609 827 2682 Latini
842 2611 966 2681 dicunt
980 2633 1112 2680 nomen
1127 2635 1229 2682 ocrea

236 2737 255 2780 a
281 2735 383 2782 crure
407 2714 537 2784 lactum
563 2737 655 2800 csse,
690 2713 790 2808 quasi
809 2713 856 2782 ob
873 2738 987 2787 crura.
1039 2711 1137 2784 Haec
1154 2729 1229 2807 ety-

236 2813 391 2904 mologia
413 2817 542 2887 rectior
562 2829 629 2902 est,
671 2839 777 2911 quam
809 2815 898 2902 alia,
938 2840 1044 2910 quam
1074 2817 1230 2885 formant

237 2937 258 2984 a
278 2909 494 3014 κορύσσειν,
529 2918 653 3002 idest,
686 2943 833 2992 armare.
887 2917 991 2990 Unde
1008 2919 1140 2988 dicitur
1155 2919 1229 2988 usi-

236 3029 346 3086 tatum
369 3043 499 3089 nomen
522 3015 759 3118 Ku'risser'),
784 3020 906 3116 'quasi
928 3017 1123 3117 κορυθεὶς,
1155 3045 1226 3116 quo

233 3141 335 3210 saepe
353 3121 466 3194 utitur
482 3119 671 3194 Homerus.

1005 3367 1189 3378 ---.----

233 3505 300 3582 No.
320 3509 435 3585 6077.

240 3603 412 3634 Μ.
1046 3516 1218 3638 use

561 3711 730 3800 Mutela.
750 3711 901 3798 Iunio.

300 3883 385 3956 epta
399 3883 448 3941 ιιι.
462 3884 498 3942 ιι.
516 3905 544 3958 p.
556 3885 618 3942 ιιι.
636 3884 792 3957 (samu.
804 3887 853 3944 ιιι.
867 3886 903 3944 ιι.
918 3905 959 3958 ψ.
971 3889 1057 3960 ιιι).

463 4041 517 4122 D.
543 4039 809 4118 Melchiori
838 4043 980 4118 Iunio

230 4179 278 4264 S·
305 4190 350 4268 D.
402 4193 614 4267 venerande
628 4198 684 4267 vir
706 4212 738 4268 ct
755 4193 959 4268 charissime
975 4199 1102 4285 frater,
1127 4199 1217 4272 Cum

228 4297 332 4366 video
364 4297 531 4368 idoneum
559 4301 676 4369 virum
699 4301 744 4370 ad
771 4298 1007 4369 ministerium
1032 4297 1218 4392 Evangelii

226 4397 363 4482 vocari,
392 4423 433 4468 ex
451 4401 570 4472 auimo
586 4403 716 4488 laetor,
747 4417 781 4472 et
797 4402 872 4473 Deo
889 4399 1018 4490 gratias
1037 4425 1121 4492 ago,
1155 4409 1216 4500 qui

224 4502 380 4572 ostendit
402 4524 439 4570 se
458 4517 682 4584 servaturum
713 4527 788 4574 csse
814 4527 932 4574 semen
960 4518 1139 4598 sanctum,
1183 4525 1217 4580 et

224 4615 337 4671 servat
356 4605 394 4672 iu
410 4598 466 4673 bis
481 4600 662 4675 Ecclesiis.
713 4604 834 4694 erare
849 4606 983 4690 gaudeo
1002 4603 1214 4697 Magistrum

222 4697 443 4774 Fabianum
470 4707 515 4775 ad
539 4709 830 4796 gubernationem
855 4704 1032 4778 Ecclesiae
1054 4726 1213 4783 vocatum

222 4827 315 4887 csse,
341 4831 419 4875 cum
440 4820 475 4876 ct
489 4809 724 4880 cruditionem
743 4827 776 4882 et
798 4811 960 4902 pietatem
976 4812 1019 4879 ad
1037 4804 1105 4882 hoc
1120 4815 1213 4883 divi-

221 4931 308 4978 num
331 4931 462 4977 munus
482 4911 637 4992 adferat,
671 4913 761 4983 sicut
785 4917 901 4993 decet,
933 4925 967 4983 et
997 4912 1043 4984 sit
1066 4931 1212 4987 ornatus

220 5009 405 5088 facundia,
434 5023 469 5080 et
500 5012 580 5082 aliis
614 5015 823 5102 virtutibus,
861 5039 951 5107 quac
976 5030 1081 5086 eruut
1104 5041 1209 5087 orna-

219 5127 340 5184 mento
363 5111 563 5184 ministerio
586 5109 783 5210 Evangelii.
839 5113 919 5188 Oro
941 5131 1056 5188 autem
1076 5117 1208 5190 Filium

218 5299 429 5313 —n-ffl

246 5408 273 5474 ἡ
293 5403 504 5474 ttetabaeatnct,
527 5405 631 5463 sudet.

244 5495 273 5564 Β)
292 5491 452 5550 Cuirarrier.

1284 1377 1350 1448 Die
1374 1378 1559 1459 Matthaei.

1284 1693 1479 1820 Q.

2098 1718 2264 1838 Q

1576 1887 1745 1973 Multis.
1774 1891 1989 1982 Lutdcro.

1386 2023 1471 2097 epu.
1488 2025 1534 2086 ιιι.
1547 2027 1583 2084 v.
1597 2049 1623 2102 p.
1638 2032 1698 2089 ιιι.

1282 2143 1530 2223 Matthiae
1555 2147 1791 2248 Luthcro,
1833 2157 1999 2256 Syndico
2019 2160 2266 2244 Nortbusuac

1284 2269 1332 2354 S.
1348 2283 1392 2354 D.
1444 2283 1642 2360 Clarissime
1658 2291 1726 2377 vir,
1753 2305 1787 2362 et
1804 2288 2008 2368 charissime
2022 2299 2149 2376 irater.
2191 2300 2265 2372 Scri·

1283 2388 1328 2454 bo
1351 2387 1493 2456 brevius
1516 2407 1661 2480 propter
1684 2395 1812 2464 molem
1839 2399 2130 2489 occupationum.
2194 2401 2271 2474 Nam

1283 2491 1373 2556 etad
1391 2483 1554 2558 Polonos
1570 2495 1709 2578 scribo,
1740 2499 1804 2565 ubi
1819 2490 2014 2570 Lituanus
2034 2503 2193 2596 quidam
2206 2529 2273 2574 mo-

1283 2601 1339 2657 vet
1356 2593 1631 2662 controversiam
1648 2597 1692 2664 de
1708 2594 1801 2668 Filio
1819 2596 1904 2686 Dei,
1937 2617 1970 2672 et
1986 2619 2140 2676 renovat
2158 2607 2273 2678 Samo-

1282 2691 1470 2772 satcnicas,
1503 2717 1565 2765 seu
1591 2695 1786 2770 Serveticas
1811 2699 2060 2794 blasphemias.
2117 2707 2273 2780 Misitad

1282 2815 1338 2861 me
1357 2807 1392 2862 ct
1407 2793 1558 2866 Senatus
1574 2793 1817 2891 Augustanus
1833 2807 2064 2878 refutationes
2085 2811 2170 2902 pias
2186 2813 2275 2882 luro-

1280 2919 1360 2972 rum
1375 2891 1645 2988 Slanckeseldir'.
1697 2901 1834 2975 Interea
1851 2909 2096 2981 vociferantur
2109 2913 2222 2983 vicini
2238 2915 2273 2982 de

1280 2997 1373 3065 linea
1405 3013 1510 3070 veste.
1571 2999 1620 3074 Et
1648 3019 1763 3075 vester
1784 3005 2109 3105 Melancholicus¹)
2140 3018 2271 3086 dealbat

1281 3101 1429 3189 parietes
1460 3100 1613 3194 Templi.
1678 3101 1756 3176 Oro
1786 3108 1917 3180 Filium
1947 3111 2034 3202 Dei,
2078 3113 2268 3187 Dominum

1280 3215 1438 3271 nostrum
1465 3199 1579 3272 lesum
1604 3201 1806 3290 Christum,
1846 3215 2051 3286 crucifixum
2071 3243 2143 3308 pro
2168 3221 2264 3296 nobis.

1279 3316 1311 3372 et
1331 3306 1593 3387 resuscitatum,
1623 3323 1664 3378 ut
1687 3335 1752 3380 stus
1774 3315 1964 3402 gubernet,
1998 3333 2032 3388 ct
2050 3339 2174 3392 servet
2189 3324 2260 3390 inter

1279 3428 1343 3472 nos
1365 3403 1540 3476 Ecclesiae
1564 3411 1742 3503 reliquias.
1795 3413 1820 3498 i
1844 3413 1921 3489 Rex
1936 3413 2251 3492 Maxaemddau

1278 3507 1416 3577 rediens
1436 3534 1476 3578 ex
1492 3509 1617 3600 Belgio
1632 3513 1899 3604 Studtgardiam
1914 3523 2012 3594 venit
2028 3549 2071 3594 eo
2094 3527 2253 3617 ipsotcn-

1276 3629 1384 3698 pore,
1421 3633 1492 3704 quo
1520 3613 1677 3684 coniunx
1696 3613 1806 3687 Ducis
1836 3618 2190 3721 Wirlenhcrgcnsis
2212 3645 2262 3717 pt·

1277 3711 1422 3799 perisset
1436 3715 1561 3788 lilium.
1615 3714 1731 3787 Testis
1747 3720 1815 3792 fuit
1830 3721 1996 3812 baptismi
2012 3725 2093 3801 Rex
2102 3724 2269 3800 Marat-

1275 3809 1474 3899 milianus‚
1507 3828 1539 3884 ct
1556 3817 1631 3887 filio
1649 3815 1761 3890 Ducis
1776 3822 1909 3896 indidit
1924 3851 2058 3900 nomen
2076 3829 2272 3904 Maxaerui·

1276 3914 1372 3982 liani.
1422 3914 1590 3990 Laetatus
1608 3945 1687 3990 sum
1706 3917 1771 3992 bac
1785 3926 1989 4020 principum
2009 3934 2204 4005 intersese
2217 3937 2273 4003 be·

1275 4017 1496 4100 nevolentia,
1529 4021 1567 4090 in
1589 4023 1720 4116 quibus
1742 4028 1898 4116 profecto
1920 4032 2001 4121 plus
2021 4049 2074 4105 est
2095 4037 2277 4121 candoris,

1273 4141 1377 4209 quam
1394 4119 1432 4188 in
1452 4125 1582 4194 nostris
1596 4126 1974 4226 commilitonibus.''²)
2030 4134 2151 4207 Mitto
2178 4139 2279 4210 vobis

1273 4221 1456 4310 pagellam,
1482 4224 1625 4313 dignam
1640 4229 1842 4315 cognitione
1857 4235 1902 4302 dc
1916 4232 2130 4308 Mediators.
2181 4241 2278 4312 Beue

1270 4323 1393 4395 valete.
1443 4321 1511 4396 Dic
1527 4325 1643 4402 XXll.
1658 4329 1887 4422 Septembris.

2010 4432 2234 4536 Philippus.

1273 4641 1640 4664 mmm—..m-
1647 4649 2280 4678 *numm-.---

1264 4763 1462 4893 Q.

2094 4797 2163 4861 24.
2187 4795 2277 4880 Sept.

2096 4885 2279 4926 Μ

1592 4957 1720 5046 Iusto
1756 4959 1930 5052 Messio.

1330 5094 1352 5162 †
1370 5093 1408 5150 s:
1424 5114 1519 5170 apogr.
1534 5097 1562 5152 iu
1576 5101 1639 5156 cod.
1655 5099 1791 5160 Mehuert.
1812 5105 1907 5165 tto-4.
1927 5125 1954 5180 p.
1967 5107 2013 5162 61.

1264 5199 1481 5220 -·-—--—.-

1293 5255 1319 5324 *J
1341 5255 1453 5312 Videtur
1478 5280 1536 5316 esse
1558 5263 1705 5333 disputatio
1725 5267 1880 5342 theologica
1900 5269 1982 5326 Puli
2006 5271 2041 5326 cb
2067 5271 2188 5348 ffitun,
2217 5283 2277 5342 vl&

1326 5341 1408 5394 supra
1422 5349 1465 5397 ep.
1479 5333 1504 5385 d.
1519 5333 1544 5386 d.
1558 5333 1603 5387 28.
1622 5335 1698 5396 Meti.

1291 5413 1318 5480 l)
1337 5414 1472 5471 Antonius
1489 5419 1575 5488 Ouo,
1593 5419 1843 5480 Pseudocatone

1289 5497 1322 5566 ι)
1341 5498 1424 5553 aean
1443 5506 1478 5556 a.
1496 5506 1535 5561 u.
