4792 6186
130 294 205 375 aas
700 273 1141 376 sorssorarruu
1191 283 1409 372 utnxn
1460 293 1594 376 nass.
2097 293 2175 374 sss

21 483 23 492 '
130 476 230 546 desse
243 475 289 546 ad
303 473 547 563 concordiam3
573 474 653 546 ideo
669 495 734 546 uos
753 473 941 546 instituere
955 466 1120 544 eoncilia-
1178 487 1284 538 nemo
1298 465 1469 562 recipitur
1482 481 1544 542 aut
1559 473 1748 546 exauditur
1764 483 1798 544 et
1813 471 1988 560 salvatur,
2012 471 2084 543 uisi
2106 493 2173 542 ve·

22 655 23 658 Ἴ
130 581 246 648 tiones
261 591 295 648 et
310 577 812 650 commixtionesdiversarum
831 576 1043 668 opinionum
1060 595 1124 642 ne-
1176 569 1282 641 stitus
1303 569 1439 647 iustitia
1474 573 1659 664 originali,
1699 599 1789 669 quae
1816 589 1868 648 est
1890 572 2073 660 Christus,
2105 573 2170 668 qui

21 715 24 742 r
130 699 308 775 quaquam
325 681 502 764 volumus,
524 705 564 750 ae
578 682 654 752 sine
670 677 899 770 ambignitate
914 675 1123 769 simpliciter
1174 671 1288 744 iactus
1306 674 1480 748 estuobis
1500 673 1772 751 aDeoiustitia.
1824 677 2057 752 Taliamulta
2081 699 2170 746 eou-

131 783 337 862 recitamus‚
365 783 451 875 quid
465 785 673 874 probemus,
699 783 787 877 quid
804 805 879 852 nou
896 779 1096 873 probemus.
1117 812 1125 827 ·
1174 773 1251 845 fuae
1268 775 1373 862 dicta,
1392 776 1456 848 etsi
1468 778 1575 848 leniri
1586 779 1852 872 interpretando
1866 796 2026 874 possunt,
2049 791 2167 850 tamen

232 882 336 955 Nunc
357 885 466 974 igitur
487 887 532 956 de
558 885 713 979 scriptis,
738 905 829 979 quae
845 881 996 958 Senatus
1016 881 1121 952 uobis
1174 876 1373 968 significant
1399 881 1558 953 studium
1588 881 1822 956 dissentiendi
1848 905 1869 953 a
1891 896 2031 977 recepta
2052 881 2168 952 forma

127 979 309 1072 exhibuit,
348 988 532 1079 perspicue
570 1001 604 1060 et
635 989 764 1060 diserte
796 985 1121 1080 pronuntiabimus.
1173 980 1368 1056 doctrinae.
1744 1047 1749 1054 .

21 1131 25 1170 r
126 1088 428 1160 Nosseutentiam
446 1091 645 1161 etsormam
662 1089 861 1174 doctrinae,
885 1101 1059 1181 receptam
1080 1086 1119 1154 in
1273 1079 1414 1173 Pugnat
1442 1084 1591 1158 astutius
1618 1077 1788 1161 Velitras
1810 1080 1880 1182 ⁴⁶),
1916 1111 1996 1159 cum
2027 1085 2167 1156 citasset

129 1187 1120 1286 nestrisEcelesiis,quaerelutamntOsiandrum,sen-
1174 1181 1310 1255 dictum
1332 1183 1452 1257 Pauli:
1492 1186 1692 1284 peronius
1715 1186 1897 1265 iustitiam
1921 1184 2034 1258 multi
2056 1182 2166 1256 iusti-

21 1337 24 1378 ;
126 1295 236 1365 timus
257 1315 335 1362 esse
348 1312 486 1380 veram,
512 1308 546 1366 et
559 1293 602 1392 ⁴⁰)
621 1321 702 1365 euru
724 1291 791 1366 lrac
812 1313 1007 1384 congruere
1024 1289 1120 1363 iudi·
1160 1277 1348 1379 ficarolum
1381 1288 1446 1360 ubi
1469 1285 1603 1362 Paulus
1623 1316 1707 1362 mox
1727 1289 1844 1378 addit,
1873 1283 2167 1390 peroniusobe-

125 1419 247 1468 camus
270 1393 438 1488 seriptum
454 1391 614 1468 Besoldr'
630 1395 670 1494 ⁴¹)
694 1412 729 1470 et
748 1395 817 1491 ipsi
832 1397 1119 1475 eonirnrctorum.
1172 1383 1365 1460 diensium.
1400 1389 1566 1464 Vetterus
1581 1388 1647 1466 bae
1664 1395 2008 1485 partedissirnulata,
2032 1390 2164 1464 deinde

126 1495 249 1588 Quare
266 1499 302 1568 id
317 1499 489 1591 scripturn
511 1501 749 1594 approbamus
766 1513 800 1572 et
821 1499 919 1590 pium
942 1521 1014 1568 esse
1036 1519 1120 1567 cen.
1171 1491 1342 1562 iustitiam
1372 1491 1625 1592 interpretatur
1645 1497 1765 1568 Deum
1793 1498 1929 1590 ipsum,
1962 1511 1998 1568 et
2018 1493 2191 1567 tandem·

125 1621 264 1684 semus,
298 1611 332 1668 et
353 1600 574 1688 iudicamus,
604 1603 694 1674 utile
713 1625 788 1674 esse
809 1601 1019 1672 concordiae
1042 1622 1120 1668 eam
1170 1595 1271 1668 addit
1292 1596 1573 1680 conclusionem,
1606 1593 1770 1670 homines
1788 1599 1901 1672 iustos
1931 1621 2008 1670 esse
2028 1595 2164 1670 iustitia

124 1705 277 1774 lerneam
311 1702 481 1796 loquendi
514 1705 677 1780 retinere.
743 1703 884 1776 Deinde
915 1703 953 1773 in
988 1702 1118 1793 scripto
1171 1695 1349 1768 essentiali
1374 1695 1507 1784 Patris,
1547 1698 1632 1770 Filii
1659 1714 1696 1772 et
1721 1700 1877 1794 Spiritus
1903 1699 1941 1777 S.
1999 1699 2053 1771 lta
2087 1720 2164 1768 non

125 1793 337 1876 Culmunni
365 1805 568 1877 invenimus
588 1807 831 1882 definitionem
860 1805 1014 1878 iustitiae
1039 1817 1119 1876 tan·
1171 1797 1383 1870 discernitur
1398 1793 1642 1884 †mediatora
1661 1805 1806 1874 caeteris
1823 1803 1995 1898 personis,
2017 1795 2163 1894 nec''⁸⁷)

125 1925 201 1982 turn
226 1907 374 1996 legalem
394 1919 428 1977 et
451 1904 721 1996 Osiandricam,
745 1924 781 1982 et
803 1909 985 2004 aliquanto
1008 1906 1119 1997 magis
1170 1901 1409 1978 reconciliatio
1427 1928 1490 1974 seu
1503 1907 1660 1998 acceptio
1680 1920 1827 1998 propter
1847 1905 2054 2000 mediatoris
2074 1904 2163 1974 obe·

129 2010 377 2080 inconcinnam
397 2004 453 2104 ⁴²).
505 2009 643 2084 lustitia
667 2012 809 2104 proprie
826 2025 974 2083 voratur
996 2009 1121 2102 probi·
1169 2003 1559 2100 dientiamasequcnte
1572 2003 1832 2079 inhabitatione
1849 2031 1912 2078 seu
1927 2006 2124 2080 effectione.

137 2123 204 2195 tas,
221 2127 341 2206 'qnam
372 2114 573 2200 germanice
597 2107 866 2210 Fra'immiglser‘t
880 2109 927 2208 ⁴⁵)
956 2113 1118 2196 dicimus,
1260 2102 1351 2178 Cum
1367 2106 1476 2198 igitur
1491 2107 1604 2180 insint
1613 2111 1822 2182 manifestae
1836 2109 2062 2182 confusiones
2073 2105 2163 2178 Cul-

134 2226 272 2283 vncntnr
294 2213 483 2303 Singularis
506 2215 618 2286 animi
635 2219 808 2312 quaedam
826 2218 983 2310 probitas
1005 2229 1039 2285 et
1053 2216 1118 2286 bo·
1168 2207 1292 2278 manni
1305 2223 1339 2281 et
1356 2207 1669 2304 Vetteriscriptis,
1695 2214 1768 2283 sive
1783 2215 1984 2298 fateantur,
2016 2233 2052 2281 se
2069 2209 2162 2282 tueri

128 2314 236 2400 nitas,
277 2318 373 2386 unde
405 2317 518 2388 iustus
544 2333 689 2392 vocatur
711 2321 770 2392 vir
801 2321 933 2406 bonus,
961 2325 1118 2411 aequus,
1169 2305 1402 2394 Osiandrssm,
1427 2311 1502 2382 Sive
1517 2314 1753 2412 dissimulent,
1777 2315 2020 2406 improbamus
2037 2335 2162 2384 eorum

127 2419 278 2508 probus,
313 2414 509 2504 humanus,
540 2420 599 2492 ein
619 2422 805 2520 srommer
829 2417 973 2492 Maron.
1019 2419 1118 2492 Haec
1167 2413 1318 2506 scripta,
1349 2438 1441 2509 quae
1463 2415 1569 2488 nobis
1593 2413 1747 2490 exhibita
1772 2431 1874 2504 sunt,
1908 2430 1943 2488 ct
1964 2435 2161 2494 censemus,

124 2514 217 2590 nihil
239 2521 283 2589 ad
306 2522 439 2592 dictum
461 2526 657 2616 pertinent:
683 2523 803 2598 iustus
814 2517 897 2618 fide
918 2539 990 2596 suu
1015 2519 1117 2607 vivet,
1167 2511 1409 2590 adhortandos
1427 2541 1520 2605 esse,
1545 2531 1586 2590 ut
1598 2532 1717 2612 aperte
1729 2519 1870 2608 dicant,
1893 2543 1940 2592 an
1956 2517 2162 2612 improbent

122 2635 157 2691 et
186 2645 293 2715 quam
319 2623 434 2694 aliena
468 2629 540 2699 sint
565 2629 611 2698 ab
638 2623 703 2700 hac
730 2630 955 2724 quaestione,
992 2626 1118 2696 vident
1167 2619 1366 2690 doctrinam
1382 2615 1623 2692 Ecclesiarum
1637 2636 1852 2710 nostrarum,
1869 2647 1915 2694 an
1930 2646 2016 2692 vero
2030 2643 2161 2713 appro-

21 2811 22 2814 ,
120 2745 247 2792 ornnes
261 2725 367 2792 docti.
419 2725 511 2796 Cum
534 2731 629 2798 enim
647 2733 867 2822 quaerimus:
884 2728 974 2823 .quis
996 2729 1042 2798 sit
1059 2725 1116 2796 iu·
1167 2721 1265 2796 bent.
1317 2719 1472 2810 Quodsi
1489 2725 1626 2812 dicent,
1650 2749 1687 2796 se
1710 2727 1926 2818 appmbare:
1951 2722 2163 2818 promittent

119 2837 197 2892 stus
212 2845 331 2890 coram
344 2821 444 2896 Deo?
470 2823 537 2896 hoe
550 2832 773 2922 quaerimus,
801 2833 882 2924 quia
898 2833 943 2900 sit
957 2827 1117 2902 reconei-
1167 2821 1273 2892 etiarn
1303 2843 1341 2892 se
1366 2835 1567 2894 retenturos
1597 2849 1670 2896 esse
1693 2828 1846 2896 formam
1868 2825 1943 2898 eius
1966 2824 2164 2910 doctrinae,

120 2921 231 2992 liatus
253 2917 350 3007 Deo,
389 2926 531 3016 placens
562 2943 597 2999 et
623 2946 786 3022 acceptus
813 2930 914 3002 Deo?
970 2926 1116 2998 Alicubi
1166 2945 1232 2990 nec
1247 2922 1335 2992 falsa
1350 2936 1414 3016 aut
1427 2925 1594 3014 ambigua
1610 2927 1783 2999 mixturos
1799 2941 1891 3013 es'se,
1915 2951 1981 2998 nee
1995 2927 2162 2996 defensu-

118 3024 206 3094 t'acit
228 3023 388 3117 quinque
412 3041 530 3118 partes
555 3029 814 3104 iustificationis
832 3027 894 3129 ⁴⁴):
929 3030 1117 3122 poeniteu—
1165 3017 1414 3095 rosOsiandri
1434 3025 1701 3118 praestigiatio
1724 3029 1871 3128 populo.
1923 3025 2032 3120 Qrsod
2053 3027 2083 3096 si
2104 3023 2162 3096 di-

119 3125 222 3206 tiam,
248 3126 494 3200 remissionem
511 3147 745 3222 peccatorum,
764 3133 996 3225 praesentiam
1008 3125 1116 3202 Chri·
1164 3137 1261 3213 cent,
1283 3147 1320 3196 se
1335 3125 1540 3218 improbare
1557 3130 1755 3226 doctrinam
1766 3128 2007 3231 Ecclesiamm
2020 3142 2161 3200 nostra-

117 3227 220 3298 stiin
237 3229 364 3314 corde,
390 3231 607 3325 bonaopera
624 3247 659 3307 et
675 3237 932 3307 consessionem
948 3233 1031 3306 oris.
1073 3231 1116 3303 ln
1164 3250 1264 3314 rum,
1296 3250 1364 3300 nec
1383 3229 1496 3302 velint
1520 3230 1583 3305 itta
1606 3254 1670 3304 sua
1690 3234 1977 3330 conluseldicta,
2009 3253 2159 3327 quaere

117 3325 186 3400 hac
199 3328 391 3421 partitione
407 3335 593 3408 manifesta
610 3339 772 3410 conlusio
788 3353 852 3412 est.
902 3333 982 3410 Etsi
996 3346 1115 3406 entem
1166 3328 1242 3421 ipsa
1258 3343 1345 3423 sunt
1360 3323 1594 3416 Osiandrica,
1625 3333 1807 3428 omittere:
1843 3348 2094 3408 removeantur
2113 3331 2163 3403 ab

116 3453 220 3523 saepe
241 3451 324 3504 vera
347 3429 488 3521 miscet,
519 3451 637 3509 tamen
658 3462 797 3512 summa
818 3439 1003 3512 doctrinae
1026 3435 1116 3509 cut-
1164 3430 1282 3503 nfficin
1299 3430 1475 3522 docendi,
1499 3460 1548 3506 ne
1570 3435 1765 3534 improprie
1786 3437 1881 3510 dicta
1901 3437 2043 3532 pariant
2060 3458 2162 3508 erro·

118 3532 246 3604 manni
267 3548 338 3618 eat.
363 3530 547 3610 hominem
566 3563 641 3638 esse
656 3541 790 3614 iustum
803 3557 949 3636 propter
970 3535 1115 3612 inhabi-
1165 3555 1222 3604 res
1247 3545 1283 3606 et
1305 3535 1465 3612 dissidia.
1523 3535 1620 3610 Sunt
1642 3553 1761 3612 autem
1789 3539 1853 3612 illa
1878 3541 2023 3612 confuse
2049 3538 2161 3610 dieta:

113 3634 288 3709 udonem
304 3633 391 3719 Dei,
418 3665 483 3712 nec
497 3637 605 3728 dicit,
631 3658 776 3738 propter
793 3645 1034 3716 obedientiam
1051 3666 1114 3715 seu
1163 3633 1285 3707 Homo
1307 3650 1360 3709 etl
1380 3639 1496 3711 iunius
1510 3639 1689 3738 mentlnli
1710 3641 1843 3714 iustitia
1860 3640 1993 3730 Patris,
2018 3639 2103 3713 Filii
2123 3651 2160 3711 et

21 3833 22 3844 ἵ
115 3737 319 3830 passionem
334 3736 480 3818 Christi.
530 3739 580 3817 Et
594 3767 755 3840 expresse
773 3745 879 3820 dicit:
905 3743 1041 3820 iustitia
1064 3757 1115 3816 est
1164 3737 1373 3832 SpiritusS.
1422 3738 1528 3813 ltem:
1554 3735 1663 3814 homo
1685 3757 1738 3816 est
1757 3745 2034 3838 iustuspropter
2052 3737 2159 3812 inba-

113 3833 283 3912 Christus
297 3841 335 3920 in
351 3849 458 3916 corde
476 3841 651 3930 habitans,
665 3862 814 3942 propter
823 3874 928 3945 quem
944 3871 1009 3922 nos
1017 3845 1115 3920 Deus
1164 3840 1374 3914 bitationem
1387 3836 1477 3928 Dei,
1504 3867 1580 3913 non
1597 3860 1743 3936 propter
1759 3847 2000 3920 obedientiam
2021 3845 2159 3916 media·

21 3971 22 3974 ¹
115 3955 258 4032 reputat
280 3943 402 4020 iustos.
460 3945 534 4018 Hic
556 3949 664 4022 etiarn
682 3953 728 4022 de
750 3951 986 4044 imputatione
1008 3964 1115 4036 errat,
1164 3940 1264 4015 toris.
1316 3941 1425 4014 ltemt
1453 3941 1717 4016 lustilieationis
1739 3961 1856 4040 partes
1879 3961 1964 4020 suut
1985 3946 2073 4043 quin
2101 3970 2159 4018 1111.

120 4043 202 4133 quia
218 4042 315 4116 Deus
328 4070 395 4116 noa
411 4064 549 4140 reputat
564 4050 693 4139 iustos,
715 4068 862 4146 propter
873 4053 1112 4124 obedientiam
1161 4040 1300 4114 Eodem
1317 4045 1440 4116 modo:
1466 4039 1575 4116 homo
1591 4047 1771 4120 est-iustus
1785 4061 1865 4142 poet
1882 4037 2021 4142 lapsum
2037 3973 2159 4118 initae

119 4144 345 4233 mediatoris,
372 4164 406 4221 et
429 4149 514 4221 fides
536 4163 684 4236 statuat,
710 4175 779 4229 uos
791 4153 902 4248 recipi
920 4165 954 4226 et
976 4155 1113 4248 placere
1164 4146 1255 4232 vita,
1285 4144 1378 4218 siout
1398 4158 1476 4218 erat
1498 4147 1614 4220 iustus
1640 4151 1806 4258 prigiuali
1830 4152 1983 4226 iustitia:
2023 4147 2159 4222 iustitia

21 4239 23 4264 '
110 4259 263 4341 propter
279 4247 519 4326 obedientiam
536 4253 753 4332 mediatoris.
800 4251 983 4329 Praeterea
999 4255 1112 4327 multa
1163 4259 1301 4319 tanturn
1322 4259 1394 4332 est,
1425 4272 1518 4343 11111111
1538 4251 1646 4324 efficii
1675 4277 1743 4325 1¹⁰³
1773 4253 1865 4330 1111111
1886 4253 2019 4339 smeret
2051 4251 2157 4322 iiefflss

21 4357 22 4374 ³
110 4351 263 4422 mniuse
278 4351 376 4438 dicit,
402 4367 443 4428 ut
458 4355 497 4424 in
512 4353 627 4450 prima
642 4357 882 4429 confessione:
909 4357 996 4456 quid
1013 4357 1112 4428 aliud
1164 4373 1245 4422 tum
1279 4349 1414 4422 Daniel
1446 4351 1607 4425 nominet
1641 4369 1819 4428 aeternnm
1853 4356 2042 4436 iustitiam,
2081 4373 2158 4421 ⁰⁰¹¹

108 4465 171 4522 1111
203 4455 498 4545 praedestinatio,
539 4479 647 4554 qnam
669 4452 905 4554 Evangelium
928 4461 1114 4545 creditum,
1164 4461 1279 4544 potest
1300 4449 1502 4525 obedientia
1518 4449 1653 4528 Christi
1676 4458 1746 4530 dici
1770 4457 1916 4529 iustitia.
1967 4453 2073 4528 Talia
2095 4476 2158 4524 so·

106 4572 198 4624 mm
216 4557 320 4630 eredo
336 4568 370 4630 et
386 4557 459 4630 scio
474 4553 547 4649 ⁴⁵),
566 4585 624 4636 rue
638 4581 712 4634 esse
725 4563 951 4638 destinatum.
1005 4560 1113 4634 ltem:
1164 4549 1339 4648 pbissntttc
1354 4577 1432 4628 111111
1443 4557 1625 4654 toleranda
1640 4575 1724 4632 eunt
1738 4561 1780 4630 in
1792 4555 1963 4632 Ecclesia.

103 4655 229 4748 excipi
243 4683 263 4728 a
278 4661 383 4732 nobis
398 4654 554 4754 bospitio
562 4659 680 4736 Deum
696 4661 837 4736 Patrem
854 4679 889 4738 et
901 4663 1033 4739 ftltum
1052 4687 1114 4757 per
1265 4651 1363 4730 Haec
1378 4657 1572 4750 piostudio
1585 4661 1793 4752 interrogati
1809 4659 2071 4753 respondimus,
2090 4679 2159 4730 ner.

102 4759 344 4834 dilectionem
377 4787 440 4836 seu
469 4763 577 4837 fidem
610 4765 651 4840 in
676 4760 873 4842 Christum.
930 4765 980 4841 Et
1008 4767 1114 4840 alibi:
1164 4756 1304 4852 pcivctn
1325 4754 1550 4835 attentione
1569 4783 1773 4860 moremur,
1799 4763 1860 4834 sed
1884 4762 1983 4852 pium
2005 4783 2160 4834 conun-

1162 4883 1243 4932 sun
1257 4857 1439 4940 Ecclesiae
1451 4862 1491 4934 in
1506 4855 1572 4936 boc
1594 4865 1684 4938 urbe
1702 4877 1738 4938 et
1755 4863 2050 4958 nanquillttatem
2071 4861 2159 4934 reti-

1164 4963 1242 5034 ueri
1264 4979 1440 5055 optemus.
1497 4963 1694 5038 Hortamur
1718 4967 1822 5038 etiam
1847 4967 1943 5058 ipsos
1965 4963 2158 5040 conciona-

143 5061 195 5134 0))
215 5065 258 5130 eet
277 5062 435 5124 1111111111
453 5063 539 5124 caat.
559 5061 602 5126 ¹9·
1165 5079 1257 5137 tores
1272 5067 1310 5136 in
1327 5080 1476 5160 utraque
1492 5082 1611 5160 parte,
1643 5091 1688 5138 ue
1703 5067 1785 5139 odia
1807 5083 2003 5162 augeantur
2017 5063 2063 5164 ⁴⁸)
2085 5066 2159 5138 ira-

143 5151 195 5218 61)
213 5151 245 5205 lu
263 5157 337 5206 terta
355 5152 492 5224 impresso
509 5161 617 5210 teuton
634 5152 735 5228 legitur
751 5153 790 5213 B.

144 5237 194 5303 11)
212 5235 285 5294 coa.
301 5234 385 5294 coru
405 5240 448 5296 11.
464 5242 600 5296 eoum.
1168 5217 1389 5257 *⁶*

142 5321 196 5392 ss>
214 5322 284 5380 cot
301 5319 390 5378 nnn.
406 5325 449 5380 ta.
468 5327 623 5382 Mna.
1195 5325 1242 5396 46)
1264 5323 1336 5383 cot.
1355 5322 1439 5384 (torti
1454 5325 1497 5388 19.
1511 5325 1615 5399 obtqua
1633 5324 1767 5386 reterns.

141 5409 193 5474 ss)
210 5409 346 5478 menam]
364 5407 427 5465 cod.
447 5407 530 5466 Goth.
543 5409 587 5470 19.
604 5427 657 5484 pro
674 5411 892 5483 mentham.
1192 5411 1239 5480 47)
1257 5409 1450 5467 Praeter-missa
1468 5409 1533 5469 baec
1549 5422 1615 5468 tout
1630 5411 1666 5468 ab
1682 5409 1791 5471 editore
1809 5413 1838 5470 tu
1857 5411 2009 5486 1111111111.
2026 5411 2123 5483 Mt·

142 5496 195 5566 rat
214 5493 286 5550 coa
304 5489 389 5552 eoru
403 5495 446 5554 rs.
463 5513 528 5552 oum
542 5499 644 5567 eaeo,
659 5497 728 5554 aare
975 5489 980 5498 ·
1097 5523 1105 5540 ·
1193 5497 1240 5569 aa)
1259 5497 1330 5556 coa.
1348 5497 1437 5556 oen.
1451 5497 1492 5556 rs.
1510 5509 1648 5570 actm.

99 4939 336 4962 *a
