4716 6174
990 62 998 119 l

208 359 211 366 .
255 303 331 378 aas
391 303 395 310 ¹
816 285 1258 384 arraronanou
1316 255 1531 386 mant
1583 255 1739 372 assas
2217 303 2298 382 040

358 468 407 544 Et
430 495 510 540 cum
527 469 571 539 ad
587 482 621 538 te
635 465 788 538 scribam
803 463 997 536 clarissime
1010 457 1252 558 Hieronymo,
1304 460 1376 534 rias
1392 443 1580 532 Arichiuis
1601 473 1634 534 et
1648 455 1921 550 Demosthenis,
1950 487 2102 558 quarum
2115 463 2298 540 limarum

258 578 343 648 nolo
359 591 393 646 te
411 573 562 644 lectione
577 565 706 642 harum
722 569 880 638 rixarum
897 589 1066 652 onerare,
1091 587 1254 658 praeser-
1305 563 1443 656 pictura
1476 562 1615 633 nullam
1645 563 1722 632 vidi
1747 558 2003 655 pulchriorem.
2060 563 2169 640 Dedit
2190 571 2299 662 igitur

259 681 322 750 tim
347 703 428 748 cum
448 673 692 751 narrationem
707 666 793 742 huic
808 668 1193 762 operiuoniusuavem
1210 668 1254 736 de
1304 668 1524 754 mercedem,
1563 677 1604 736 ut
1635 664 1834 758 Dalburgio
1867 668 2034 762 episcopo
2070 667 2298 760 Vangionnm

258 777 398 852 Iacobo
412 773 689 875 Queslcbergio‚
715 787 799 844 nato
815 773 853 841 iu
868 773 1002 867 oppido
1018 769 1159 866 Mysiae
1172 768 1203 838 F
1204 769 1255 838 ri·
1305 769 1476 840 scriberet
1490 761 1771 842 Athenaeumtet
1783 769 1873 840 alios
1889 761 2063 864 quosdam
2079 771 2212 860 libros,
2239 777 2298 868 qui

259 887 383 974 herga,
410 883 511 952 cuius
532 903 641 950 manu
659 877 856 968 exemplum
873 873 1009 958 Procli,
1035 871 1254 968 quodnobis
1304 869 1344 938 in
1369 865 1586 950 bibliotheca
1607 871 1763 964 episcopi
1787 869 2017 964 Vangionum
2036 887 2159 968 postca
2183 893 2298 958 custo-

261 987 410 1070 dcdisti,
441 983 611 1076 scriptum
636 994 704 1057 est,
730 980 860 1066 addere
886 976 1116 1050 decreverim.
1167 973 1254 1044 Tibi
1306 973 1373 1042 diti
1405 988 1500 1046 sunt.
1559 966 1787 1048 Athenaeum
1819 973 2018 1048 retinuerat
2042 973 2196 1070 Capnio.
2255 977 2298 1050 Et
2333 987 2334 996 ’

261 1103 378 1162 autem
404 1101 438 1157 et
458 1087 568 1156 debeo
587 1095 623 1152 ct
638 1077 752 1154 habeo
770 1079 918 1172 gratiam
936 1079 1081 1172 publico
1097 1078 1254 1164 nomine,
1305 1099 1385 1146 cum
1399 1073 1611 1168 Moguntiae
1636 1076 1804 1148 inventus
1824 1075 1869 1148 iit
1895 1073 1955 1148 hic
1975 1077 2097 1150 Procli
2115 1104 2298 1152 commen·

212 1211 215 1220 ⁴
262 1193 358 1288 quod
390 1185 487 1260 hunc
504 1185 625 1256 Procli
646 1183 942 1256 commentarium
964 1181 1109 1252 voluisti
1132 1181 1194 1250 edi
1214 1181 1254 1249 in
1304 1177 1435 1265 tarius,
1468 1178 1895 1272 existimoeo'perlatum
1918 1203 2061 1272 essalea
2080 1181 2297 1256 bibliotheca
2333 1171 2334 1176 4

173 1287 176 1296 4
261 1295 464 1390 publicum,
490 1291 648 1380 Ull‘ff‘rila
666 1287 788 1357 mulllS
804 1285 925 1376 Ρθδδῑῑ·
978 1317 1003 1344 '·
1306 1281 1462 1374 episcopi
1485 1279 1727 1372 Vangiouum.
1790 1281 1883 1354 Cum
1914 1297 2031 1356 autem
2057 1289 2294 1358 controversia

364 1395 542 1487 luterpres
559 1407 610 1463 cst
624 1389 772 1462 Proclus
788 1389 896 1458 alieni
913 1385 1030 1478 operis
1046 1386 1193 1468 nitidus,
1220 1399 1256 1456 et
1293 1381 1502 1484 'Capnionis
1524 1397 1620 1474 mota
1635 1399 1742 1469 esset,
1760 1380 1835 1474 ¹hic
1851 1382 1999 1458 lacobus
2011 1385 2294 1481 Questebergius,

260 1501 433 1572 delectare
456 1498 615 1568 eruditos
638 1491 752 1564 oratio
774 1503 888 1584 potest
909 1503 944 1560 et
967 1483 1133 1583 physicae
1157 1513 1255 1558 com·
1305 1511 1441 1558 memor
1462 1487 1590 1556 veteris
1610 1487 1803 1572 amicitiae,
1844 1511 1972 1578 magna
1995 1489 2065 1559 fide
2087 1494 2187 1582 apud
2211 1491 2294 1563 Leo-
2333 1509 2334 1548 t

262 1591 537 1674 m'onelactiones
550 1593 610 1668 hic
626 1595 776 1668 traditae
789 1618 863 1662 non
878 1604 963 1662 sunt
978 1591 1132 1664 inutiles.
1181 1589 1254 1662 Nec
1306 1591 1389 1658 ulem
1405 1590 1630 1682 pontificem,
1656 1591 1751 1682 apud
1770 1589 2198 1669 Cardinalem²Venetum
2216 1593 2293 1664 Gri·

262 1709 417 1778 eduntur
441 1699 527 1772 haec
550 1699 647 1783 istis,
674 1696 736 1791 qui
751 1709 861 1766 totam
877 1693 1077 1764 doctrinam
1091 1707 1255 1763 motuum
1304 1716 1451 1763 manum
1473 1705 1508 1764 ct
1522 1691 1630 1778 alios,
1654 1692 1747 1764 tueri
1764 1690 1986 1784 Capnionem
2001 1693 2139 1786 coepit,
2169 1699 2290 1788 neptus
2332 1677 2334 1764 i

262 1809 465 1879 coelestium
489 1817 524 1874 et
543 1799 863 1872 considerationem
887 1795 1112 1888 operumdei
1132 1797 1171 1864 in
1187 1816 1263 1878 na·⁸
1305 1793 1339 1862 ei
1361 1788 1470 1866 huius
1489 1793 1597 1866 unius
1620 1794 1691 1866 viri
1707 1795 1877 1868 autoritas
1893 1795 2048 1887 proluit,
2081 1799 2282 1868 necrudcli-
2330 1859 2334 1904 t

193 1983 196 1988 ,
263 1927 343 1983 tura
356 1907 536 2002 cyclopico
550 1913 757 1992 contemptu
770 1913 1016 1993 aspernantur.
1066 1895 1253 1969 anutem
1305 1891 1648 1977 tatem'onachorum
1664 1899 1853 1980 deleretur,
1880 1921 1987 1992 quam
2004 1921 2128 1990 regum
2139 1916 2173 1970 et
2189 1901 2277 1991 prin.
2330 1947 2334 1964 ,

261 2013 339 2082 vidi
367 2009 536 2080 libentius
569 2003 768 2096 exemplum
797 2018 915 2087 tuum,
956 2001 1039 2096 quia
1065 2026 1148 2071 mox
1172 2025 1273 2096 cum·
1305 1999 1424 2092 cipum
1443 2001 1586 2084 literae,
1620 2025 1709 2094 quae
1726 1985 1806 2072 ium
1821 1999 2276 2074 Leonicomm'endaverant.
2329 2009 2334 2096 J

264 2113 399 2208 aspexi,
419 2105 554 2183 Iacchi
563 2102 818 2204 Qucslcbergii
831 2129 976 2176 manum
991 2105 1132 2194 agnovi,
1145 2104 1257 2174 'cuius
1305 2101 1376 2173 Diu
1401 2103 1502 2178 enim,
1516 2099 1656 2174 Romae
1680 2100 1986 2175 vixeratslacobus
2008 2117 2043 2174 et
2064 2105 2206 2196 publica
2227 2130 2281 2173 nc·
2325 2097 2334 2188 ,¹

263 2219 334 2288 viri
349 2214 592 2286 recordatione
608 2225 753 2304 propter
767 2209 895 2278 multas
911 2231 1032 2278 causas
1050 2207 1206 2276 delector
1220 2219 1254 2274 et
1304 2205 1399 2294 gotia
1418 2219 1542 2290 norat,
1574 2219 1609 2276 et
1624 2203 1769 2297 prop'ler
1785 2205 2011 2296 prudentiam
2026 2220 2061 2276 ct
2075 2207 2286 2298 diligentiam
2332 2205 2334 2262 t

263 2319 469 2396 memoriam
495 2316 667 2385 virtutum
691 2311 803 2404 ipsius
816 2313 955 2384 tradere
969 2311 1119 2401 posteris
1138 2308 1254 2400 cupio,
1305 2308 1345 2376 in
1367 2307 1467 2378 omni
1488 2305 1604 2383 officio
1620 2330 1722 2402 saepe
1738 2333 1758 2379 a
1773 2307 1979 2390 Leoneeta
1995 2309 2239 2382 cardinalibus
2254 2313 2290 2378 dc

263 2424 361 2518 qdod
381 2436 500 2491 tamen
525 2419 599 2510 ipse
622 2416 695 2486 suis
716 2414 855 2504 scriptis
869 2413 982 2483 multo
997 2412 1123 2482 melius
1139 2411 1254 2482 facere
1305 2411 1452 2480 summis
1466 2407 1618 2499 negotiis
1633 2399 1950 2495 consulebaturs‘a
1966 2411 2079 2482 doctis
2092 2409 2202 2496 etiam
2216 2437 2290 2506 pro·
2327 2413 2330 2445 ³

262 2525 443 2620 potuisset
493 2520 605 2592 Natus
619 2519 658 2588 in
673 2515 806 2610 oppido
822 2513 1012 2604 Friherga‚
1041 2537 1121 2584 cum
1137 2513 1176 2582 in
1188 2537 1253 2605 pa·
1304 2526 1383 2606 pter
1405 2512 1642 2584 eruditionem
1675 2513 1901 2608 diligebatur.
1958 2508 2012 2584 Ac
2034 2513 2292 2588 moderationis
2324 2519 2334 2563 t

67 2613 73 2626 4
167 2627 175 2636 ’
263 2629 331 2700 tria
347 2627 524 2698 academia
541 2623 699 2714 linguam
716 2619 863 2690 latinam
879 2632 912 2688 et
926 2617 988 2687 illa
1006 2611 1253 2708 philosophiae
1304 2615 1380 2687 cius
1413 2609 1483 2684 hoc
1508 2639 1583 2686 uon
1609 2613 1801 2688 obscurum
1828 2615 2070 2686 testimonium
2096 2630 2169 2704 cst,
2203 2621 2291 2714 quod
2324 2625 2334 2668 ³³

262 2731 365 2802 initia
388 2729 587 2810 didicisset,
628 2747 718 2820 quae
740 2736 826 2794 tunc
851 2721 1102 2805 tradebantur,
1134 2719 1253 2789 nescio
1304 2743 1385 2788 cum
1407 2718 1543 2788 aditum
1569 2712 1716 2790 haberet
1733 2719 1872 2792 facilem
1888 2717 1932 2788 ad
1948 2717 2168 2810 amplissima
2186 2745 2293 2792 sacer·

263 2823 543 2930 quis-occasione
563 2825 717 2900 Romam
740 2824 837 2894 venit
857 2819 1253 2914 Alexandripontibcis
1305 2821 1401 2892 dotia
1425 2835 1459 2892 et
1484 2821 1529 2890 ad
1553 2845 1655 2914 opes,
1689 2835 1876 2894 contentus
1892 2821 1960 2892 suit
1975 2817 2146 2890 mediocri
2167 2823 2246 2894 loco
2264 2839 2293 2894 et
2327 2907 2329 2913 ,

261 2951 431 3030 tempore.
483 2932 556 3005 Ubi
573 2943 758 3024 propterea
774 2929 871 3021 quod
885 2940 919 2997 ct
937 2925 1114 3018 eleganter
1127 2926 1252 3018 pinge-
1304 2923 1437 3015 exiguis
1458 2923 1702 3010 facultatibus,
1722 2948 1810 3020 quas
1826 2925 1874 3000 ita
1889 2921 2092 3003 collocavit,
2118 2937 2162 2996 ut
2178 2927 2291 2996 inultis
2320 2885 2334 3008 ,4

261 3041 324 3112 bat
358 3039 487 3108 latinas
520 3035 639 3105 literas
668 3045 704 3103 et
734 3031 885 3100 latinum
912 3053 1111 3099 sermonem
1133 3029 1252 3097 minus
1303 3027 1479 3120 germanis
1494 3021 1695 3120 hospitibus
1709 3027 1794 3111 inde
1810 3051 1914 3122 opem
1930 3027 2045 3100 ferret
2326 3007 2334 3104 4

261 3139 408 3214 horride
432 3137 706 3232 pronuntiabat,
739 3157 850 3226 ,quam
873 3133 1044 3204 usitatum
1070 3144 1122 3202 est
1146 3131 1252 3202 nobis
1327 3223 1332 3231 .
1405 3127 1524 3200 Huius
1538 3129 1607 3199 viri
1623 3130 1840 3201 mentionem
1859 3126 1919 3202 hic
1934 3129 2089 3200 libenter
2105 3129 2184 3214 ieci,
2211 3133 2287 3222 qnia
2315 3099 2334 3142 4

261 3247 300 3316 in
321 3241 514 3315 Germania
538 3239 631 3310 natis
652 3250 687 3308 et
706 3235 838 3306 deinde
861 3235 907 3305 ad
929 3257 1056 3306 sonum
1080 3247 1250 3323 agrestem
1303 3246 1337 3303 et
1358 3233 1536 3322 gratitudo
1560 3233 1594 3302 ei
1614 3233 1782 3326 debetur,
1815 3233 1909 3330 quod
1928 3229 2115 3324 descripsit
2128 3229 2282 3302 Proclnm
2315 3203 2334 3321 ,i

261 3347 488 3430 adsuefactis,
536 3337 692 3414 familiae
724 3361 809 3408 suae
842 3361 923 3406 eum
956 3336 1119 3406 adiunxit
1148 3359 1252 3406 senex
1303 3348 1336 3404 ct
1353 3335 1392 3403 in
1409 3331 1639 3405 Germaniam
1657 3336 1772 3423 misit,
1796 3353 1831 3408 ct
1845 3334 1995 3426 exempli
2010 3357 2109 3406 causa
2126 3331 2203 3402 utile
2218 3345 2274 3408 est,
2330 3307 2334 3352 4

261 3449 452 3522 cardinalis
485 3445 660 3527 Venetus,
704 3437 849 3510 Marcus
884 3441 930 3508 de
961 3451 1082 3518 sancto
1114 3433 1251 3522 Marco,
1303 3438 1340 3506 in
1360 3437 1473 3528 patria
1496 3439 1703 3528 praesertim
1728 3453 1831 3512 notos
1859 3461 1932 3508 csse
1949 3435 2036 3507 tales
2054 3435 2156 3516 viros,
2187 3455 2273 3524 quo-
2315 3507 2330 3522 ,Ι

261 3573 367 3646 quem
385 3563 470 3618 tunc
488 3561 522 3618 et
537 3541 935 3640 proptereruditionem
951 3553 987 3611 et
1001 3552 1145 3632 propter
1161 3541 1251 3610 vitae
1302 3563 1381 3610 rum
1405 3539 1571 3632 ingenia,
1611 3540 1745 3627 studia,
1784 3543 1897 3612 virtus
1923 3553 2055 3610 ornant
2079 3534 2221 3628 patriam
2247 3553 2279 3602 et
2322 3526 2334 3552 ’4

217 3727 221 3734 ,
259 3651 496 3740 integritatem
522 3669 647 3719 omnes
667 3641 808 3716 honesti
831 3657 865 3714 et
881 3641 1041 3713 Venetiis
1059 3642 1149 3711 etin
1164 3643 1251 3711 urbe
1302 3641 1432 3712 multos
1446 3641 1604 3712 invitant
1618 3643 1663 3712 ad
1677 3643 1919 3713 doctrinarum
1936 3665 2105 3713 amorem.
2318 3621 2334 3666 ’4

260 3751 378 3828 Roma
411 3751 557 3842 plurimi
584 3749 760 3820 faciebant
792 3760 826 3816 et
852 3747 1124 3817 venerabantur.
1181 3743 1251 3814 llic
1394 3742 1492 3814 'Tibi
1513 3768 1595 3814 vere
1610 3740 1835 3840 Hieronymo
1846 3769 1937 3820 ,cum
1953 3743 2148 3830 editionem
2164 3741 2291 3809 debeo·
2318 3728 2334 3770 '¹

212 3943 217 3952 Ι
261 3881 341 3929 cum
364 3857 509 3924 vidisset
529 3867 692 3925 naturam
715 3851 755 3921 in
780 3846 907 3930 lacobo
931 3847 1173 3919 doctrinarum
1192 3869 1251 3916 ca-
1301 3869 1392 3934 mus,
1417 3870 1641 3940 nequaquam
1657 3847 1724 3919 luit
1738 3849 1935 3920 omittenda
1950 3847 2002 3916 tui
2017 3842 2185 3916 beneficii
2200 3868 2293 3913 com·
2324 3833 2334 3936 i

260 3981 382 4054 pacem
408 3981 499 4040 esse,
532 3950 629 4048 parte
653 3952 787 4024 laboris
808 3953 847 4023 i'n
871 3949 1112 4021 describendis
1128 3949 1250 4020 latinis
1301 3949 1522 4022 memoratio.
1574 3947 1682 4038 Qu'od
1695 3952 1787 4020 'curn
1801 3947 1947 4042 gratum
1958 3949 2119 4020 futurum
2136 3947 2189 4018 sit
2204 3949 2291 4016 mni·
2319 3937 2334 3978 ’4

260 4061 364 4132 libris
380 4085 460 4130 eum
476 4057 605 4127 levavit
620 4069 654 4128 et
675 4055 809 4126 'discere
825 4077 983 4145 graecam
999 4051 1158 4144 linguam
1176 4052 1249 4122 ius-
1301 4054 1345 4124 tis
1360 4053 1473 4124 doctis
1488 4051 1586 4136 viris,
1612 4075 1676 4142 ego
1693 4076 1789 4122 nunc
1804 4051 1947 4146 publico
1964 4047 2110 4121 nomine
2129 4048 2203 4120 tibi
2221 4075 2295 4140 gra-
2333 4041 2334 4085 l

147 4213 159 4238 .·
259 4167 317 4240 sit.
368 4159 506 4236 Romae
528 4157 1125 4252 cotemporescnerArgyropylus
1144 4149 1250 4228 Thu·
1300 4155 1367 4228 tias
1382 4179 1468 4246 ago,
1493 4155 1589 4248 quod
1605 4148 1702 4224 hunc
1717 4153 1868 4239 librum,
1895 4151 2110 4226 utamultis
2122 4149 2201 4243 legi
2219 4175 2297 4244 pos-
2319 4141 2329 4182 ³·

259 4268 423 4364 cydidem
449 4261 763 4355 interpretabatur;
798 4253 900 4359 hunc!
918 4259 1022 4330 multi
1039 4257 1249 4342 cardinales,
1260 4265 1269 4298 ³⁴
1301 4271 1371 4344 set,
1398 4259 1576 4328 edendum
1596 4257 1701 4326 nobis
1723 4257 1919 4343 tradidisti,
1952 4279 1993 4326 ac
2008 4253 2076 4326 tibi
2092 4266 2128 4324 et
2146 4255 2299 4326 unirer·
2318 4243 2334 4347 ἦ

140 4358 145 4372 ’
258 4385 292 4442 et
312 4367 420 4442 multi
443 4389 565 4456 regum
589 4375 623 4434 et
645 4359 848 4453 principum
864 4361 965 4450 legati
980 4375 1015 4432 et
1030 4361 1092 4428 alii
1107 4359 1248 4430 romani
1300 4383 1358 4430 sae
1381 4359 1537 4428 familiae
1559 4371 1691 4429 vestrae
1711 4349 1823 4430 fausta
1846 4379 1991 4452 precor,
2025 4357 2105 4440 cui,
2131 4357 2224 4428 cum
2248 4361 2299 4424 sir

260 4473 353 4542 cives
376 4485 415 4542 et
440 4465 597 4561 hospites
623 4463 719 4534 docti
745 4462 949 4536 audiebant.
1022 4459 1140 4550 Quem
1168 4485 1247 4532 cum
1301 4461 1473 4530 excellens
1496 4460 1668 4552 sapientia
1684 4475 1720 4532 et
1736 4463 1866 4532 virtute
1879 4475 2026 4554 patruus
2043 4472 2146 4541 tuus,
2181 4453 2301 4532 Geor·
2322 4451 2334 4478 ²

260 4575 361 4644 avide
387 4571 536 4644 lacobus
558 4567 698 4640 audiret
720 4579 755 4636 et
775 4565 873 4634 domi
895 4565 964 4633 iam
980 4585 1121 4652 graccos
1138 4563 1248 4632 libros
1297 4559 1385 4657 gius
1400 4585 1425 4629 o
1443 4552 1704 4647 Commerstat,
1729 4564 1953 4636 consiliarius
1969 4559 2094 4656 inclyti
2106 4559 2224 4634 ducis
2241 4563 2304 4636 Sa·
2328 4561 2334 4604 i

119 4661 144 4686 ’
260 4675 365 4744 certis
387 4671 484 4746 horis
500 4671 661 4770 quotidie
677 4667 890 4740 describeret
907 4679 943 4736 et
956 4676 1045 4736 esset
1061 4665 1100 4732 in
1114 4665 1248 4734 familia
1299 4662 1425 4734 aoniae
1441 4659 1611 4756 Augusti,
1645 4661 2013 4764 PrincipisElectoris
2038 4677 2101 4738 etc.
2122 4686 2334 4758 unagnam¹

259 4776 417 4856 erudita,
443 4801 516 4848 non
541 4777 682 4866 linguas
705 4782 845 4840 tantum
867 4765 1014 4838 latinam
1038 4779 1072 4835 et
1088 4789 1247 4856 graecam
1299 4765 1569 4856 gubernationis
1599 4765 1730 4836 molem
1765 4755 1804 4836 i'n
1838 4763 1902 4838 hac
1927 4766 2073 4856 regione
2101 4771 2302 4850 sustineat,
2333 4769 2334 4810 l

258 4875 435 4972 praeclare
462 4879 605 4964 didicit,
639 4875 701 4946 scd
733 4871 838 4942 etiam
871 4861 1119 4962 philosophiae
1145 4865 1246 4939 initia
1300 4853 1550 4958 gratitudinem
1575 4891 1700 4938 omnes
1714 4869 1894 4946 debemus.
1944 4865 1993 4942 Et
2009 4863 2305 4964 noi'praccipue.
2324 4871 2334 4949 l

259 4975 426 5074 percepit.
1299 4969 1361 5063 qui
1381 4969 1564 5045 doctrinae
1584 4971 1700 5042 studia
1714 4972 1887 5062 regimus,
1913 4967 2305 5060 ostenderesignilica·
2326 4970 2334 5022 t

361 5075 472 5147 Venit
495 5099 536 5146 eo
558 5090 716 5170 tempore
741 5073 896 5148 Romam
919 5061 1086 5168 Coponio,
1119 5071 1247 5142 missus
1298 5073 1430 5142 tionem
1453 5073 1681 5164 gratitudinis
1701 5075 1818 5162 decet,
1844 5073 1928 5168 quia
1947 5073 2042 5142 inter
2058 5083 2227 5144 caeteras
2244 5103 2304 5146 cu-
2333 5077 2334 5124 i

257 5179 511 5276 conprincipe
526 5175 687 5250 Palatino
700 5171 880 5269 Philippo.
933 5173 1008 5263 Qui
1024 5195 1105 5244 cnm
1120 5187 1154 5246 at
1171 5173 1246 5266 ipsa
1298 5197 1354 5242 ras
1371 5175 1531 5264 publicas
1543 5199 1662 5246 rernm
1680 5175 1932 5262 maximarum,
1964 5173 2070 5244 etiam
2088 5178 2334 5250 academia-t

257 5285 400 5358 audiiur
414 5293 503 5352 esset
516 5277 732 5372 Argyropyli
749 5293 782 5350 et
799 5281 894 5348 inter
906 5276 1126 5368 germanicos
1142 5275 1247 5346 audi·
1297 5297 1377 5344 rum
1399 5289 1433 5346 et
1452 5269 1654 5346 scholarum
1680 5275 1968 5349 constitutionem
1992 5289 2027 5348 et
2048 5281 2300 5352 conservatio-
2333 5261 2334 5328 l

254 5403 350 5462 tores
386 5383 553 5462 lacobum
587 5399 690 5450 nosse
725 5381 913 5472 coepisset,
959 5377 1107 5450 vidisset
1139 5377 1245 5448 etiam
1297 5397 1379 5447 nem
1403 5377 1659 5469 complectitur.
1711 5373 1790 5452 Oro
1812 5377 2065 5454 autem'dlium
2089 5375 2148 5450 dei
2176 5373 2334 5454 domi-l

255 5489 368 5562 libros
383 5489 429 5560 ab
444 5511 485 5558 eo
501 5483 670 5577 scriptos,
692 5479 778 5552 emit
792 5482 839 5552 ab
855 5505 898 5552 eo
912 5481 1091 5596 orationes
1103 5492 1246 5552 coutra-
1296 5502 1384 5550 num
1412 5492 1576 5552 nostrum
1603 5475 1720 5552 lesum
1744 5475 1950 5586 Christum,
1985 5477 2204 5554 mucifiaum
2237 5485 2334 5580 prol

1800 5592 1836 5632 .’
2078 5606 2082 5619 ·
2333 5587 2334 5632 t
