4720 6170
215 209 269 290 95

217 387 323 480 peris.
371 385 469 464 Bene
492 390 583 468 vale.
631 389 715 464 Non
738 394 912 468 allocutus
933 414 985 474 est
1002 425 1061 473 me
1084 402 1140 474 vir
1164 403 1209 474 dc

219 515 292 584 quo
307 493 445 572 scribis.
494 493 564 566 Die
582 495 640 569 19.
656 495 770 586 Maii,
797 497 905 576 1555.

473 721 641 796 (Appendia
652 747 672 783 n
686 729 791 784 etanta
805 731 952 802 aureatus.)

218 867 307 932 Hano
322 885 496 956 sequentem
511 876 769 957 adhortationem,
797 893 825 940 et
843 881 1095 959 declarationem,
1123 901 1209 962 prae-

219 973 352 1034 cedentis
374 979 517 1056 epistolae
540 987 704 1042 narrationi
727 984 912 1045 venerandus
937 988 983 1044 vir
999 981 1040 1046 D.
1060 981 1209 1060 Georgius

219 1072 427 1156 Buehltolaer,
453 1087 641 1162 praepositus
662 1097 691 1144 et
715 1085 904 1146 fidelissimus
925 1088 1008 1146 verbi
1022 1082 1081 1146 Dei
1095 1107 1209 1168 propa·

219 1189 306 1256 gatos
328 1181 362 1240 in
376 1177 509 1244 Ecclesia
524 1181 710 1264 Berliuensi,
738 1187 836 1270 deque
860 1201 923 1248 tota
948 1188 1073 1249 cohorte
1089 1187 1208 1249 schola-

243 1283 388 1342 stioorum
403 1286 477 1346 bene
493 1291 635 1366 meritus,
650 1289 775 1368 adiecit,
792 1289 840 1350 his
856 1293 1049 1374 sequentibus
1064 1292 1182 1353 verbis:

321 1441 478 1533 Quidam
500 1460 622 1537 pastor
644 1464 874 1520 contemnens
894 1445 962 1520 hoc
978 1451 1147 1543 scriptum
1164 1450 1208 1524 D.

218 1542 395 1637 Philippi,
417 1548 518 1620 duxit
529 1549 568 1617 in
583 1575 730 1620 uxorem
747 1552 856 1620 filiam
872 1554 1005 1624 sororis
1021 1577 1104 1623 suae
1121 1577 1207 1622 con-

218 1647 311 1737 iugis
332 1661 505 1723 mortuae.
570 1649 641 1722 Sed
665 1651 763 1723 Deus
794 1668 959 1724 executor
993 1678 1076 1724 suae
1111 1655 1209 1744 legis,

217 1745 314 1819 hunc
331 1763 573 1842 contemptum
596 1755 749 1842 punivit.
800 1753 921 1824 Prima
945 1770 1049 1826 nocte
1071 1781 1152 1826 cum
1176 1758 1207 1825 ei

217 1875 284 1943 pro
299 1875 397 1920 more
422 1853 527 1921 solito
545 1876 710 1943 sponsam
729 1858 965 1943 adducerent,
990 1857 1144 1952 paralysi
1169 1859 1207 1926 in

218 1953 362 2022 dextero
392 1953 501 2022 latere
522 1952 688 2026 laborare
706 1959 876 2048 incoepit.
936 1959 1018 2049 Quo
1052 1958 1208 2052 denique

217 2054 346 2123 morbo
370 2053 458 2123 adeo
480 2055 685 2128 debilitatus
707 2071 778 2144 est,
801 2073 841 2130 ut
857 2062 1007 2151 septimo
1034 2061 1092 2131 die
1111 2085 1208 2130 com-

218 2156 380 2246 putando
407 2177 426 2224 a
453 2157 588 2246 nuptiis
613 2174 842 2234 moereretur.
900 2161 979 2232 Hoc
1009 2163 1207 2253 exemplum

219 2255 387 2326 omuibus
400 2257 444 2326 sit
459 2260 700 2350 propositum,
724 2287 769 2330 ne
791 2276 908 2352 spreto
932 2267 1100 2333 mandato
1116 2263 1208 2332 divi·

219 2381 290 2443 no,
316 2371 446 2428 temere
459 2361 591 2433 ducant
607 2385 734 2433 uxores
751 2377 873 2434 contra
890 2367 1019 2456 gradus
1035 2365 1207 2436 divinitus

221 2454 430 2550 prohibitas.

216 2697 434 2712 *naht—nuu—

220 2861 426 2991 Q.
1053 2881 1209 2950 aaran.

1073 2976 1202 3006 Μ

450 3063 652 3178 Georgia
674 3065 754 3153 Pr.
778 3064 975 3156 Antan.

268 3219 292 3291 †
312 3219 348 3274 Er
360 3223 527 3296 autographo
542 3222 676 3278 Melantb.
700 3224 774 3295 quod
794 3223 909 3279 habetur
927 3225 956 3279 in
971 3225 1096 3282 biblioth.
1110 3227 1208 3282 Serre-

320 3299 413 3355 staua,
438 3293 643 3348 communicato
670 3311 779 3348 mecurn
798 3313 814 3346 a
837 3295 910 3353 Clar.
932 3295 1074 3365 Sr'ntenia,
1106 3296 1209 3350 biblio·

322 3358 415 3414 thecae
429 3359 577 3432 praefecto.

221 3509 489 3585 Illustrissimo
503 3525 535 3585 et
550 3511 807 3594 Reverendiss.
822 3513 993 3616 Principi
1012 3542 1056 3590 os
1072 3516 1209 3590 Domi-

220 3611 948 3718 no,DominoGeorgio‚Principi
965 3621 1011 3690 in
1029 3615 1211 3694 Antan

222 3725 262 3787 et
282 3713 496 3789 Ascania
518 3729 578 3790 etc.
602 3720 833 3814 gubernanti
846 3721 1054 3793 Ecclesiam
1068 3718 1148 3794 Dei
1169 3726 1209 3796 in

328 3815 472 3917 Mysia
490 3830 551 3898 etc.
576 3819 748 3896 Domino
760 3849 830 3896 sao
843 3822 1135 3901 clementissimo.

223 3957 274 4045 S·
301 3971 345 4044 D.
402 3970 645 4044 lllustrissimc'
679 3991 713 4046 et
745 3953 996 4050 Reverendiss.
1030 3977 1209 4072 Princeps.

220 4069 269 4144 Et
285 4074 396 4142 debeo
409 4086 443 4142 et
456 4069 568 4143 habeo
583 4078 730 4164 gratiam
747 4077 960 4150 Celsitudini
979 4080 1123 4152 Vestrae
1144 4099 1209 4174 pro

221 4173 316 4244 edita
338 4185 373 4242 ct
396 4169 485 4241 mihi
503 4177 631 4246 donata
657 4182 881 4250 enarratione
897 4183 1092 4252 dulcissimi
1111 4183 1210 4252 Psal-
1234 4223 1237 4255 s

221 4276 271 4342 mi
286 4267 335 4362 ¹¹⁵).
393 4269 441 4344 Et
464 4271 640 4346 Ecclesiae
665 4304 767 4350 causa
792 4283 946 4372 gaudeo,
981 4285 1064 4354 talia
1092 4301 1208 4354 extare
1233 4264 1237 4386 l

220 4375 392 4470 principis
410 4391 638 4456 monumenta
656 4395 689 4450 et
707 4383 811 4450 talem
827 4385 1094 4452 confessionem.
1121 4383 1207 4474 Legi

221 4489 355 4566 partem
374 4476 518 4568 scripti,
544 4482 748 4568 praesertim
773 4485 816 4550 de
832 4484 1000 4554 articulo:
1026 4479 1208 4554 descendit

221 4571 277 4644 ad
290 4573 441 4675 inferos.
492 4575 595 4648 Certe
616 4581 805 4669 singularis
826 4585 878 4653 ibi
906 4587 1053 4656 victoria
1077 4589 1206 4656 descri-

220 4677 336 4760 bitur,
362 4681 404 4746 de
421 4703 488 4772 qua
504 4692 538 4748 et
553 4677 697 4750 Petrum
721 4684 821 4776 loqui
837 4685 1012 4757 existimo.
1063 4683 1111 4758 Et
1135 4713 1207 4756 me-

219 4777 309 4848 mini
325 4769 529 4848 liutherum
553 4781 592 4848 in
615 4783 782 4853 tanriliari
804 4786 984 4880 colloquio
1008 4803 1130 4858 nostro
1152 4789 1208 4857 in-

219 4903 375 4972 gressum
399 4880 437 4946 in
462 4905 541 4948 cnm
567 4905 764 4955 sermonem
780 4887 890 4956 multa
911 4889 1065 4978 graviter
1079 4889 1207 4971 dicere,

219 5005 308 5076 quae
324 5004 442 5050 coram
461 4983 626 5057 recitabo.

219 5149 425 5162 ...Ἦ

252 5233 283 5304 *)
301 5271 321 5299 ,,
335 5235 415 5314 nunno
437 5233 513 5314 1555.
537 5234 614 5314 Geor
632 5235 673 5320 'ps
696 5239 827 5312 Princeps
843 5239 988 5322 Dassariae
1008 5247 1127 5315 quatuor
1145 5261 1204 5321 ser-

287 5303 599 5426 uauerant·
617 5308 943 5445 ..tetenstete
958 5309 1053 5368 Μ·

804 219 1245 304 helsuonantttt
1297 233 1509 316 1113.th
1563 240 1694 326 teos.

2204 263 2252 337 96

1374 409 1480 485 Nunc
1494 417 1597 490 mitto
1612 415 1826 494 Celsitudini
1848 441 1982 500 vestrae
2005 431 2160 524 pagellas
2174 461 2252 506 ora.

1261 512 1371 582 tinnis
1386 517 1551 590 recitatae
1565 521 1604 590 iu
1619 527 1888 600 renunciatione
1904 533 2042 623 publici
2058 537 2251 608 testimonii

1262 610 1690 719 Doctoriscniusdam*).
1727 619 1729 624 ¹

1364 716 1472 790 Mitto
1498 722 1536 792 in
1562 728 1697 815 pagella
1725 727 1833 800 altera
1861 745 1896 803 et
1918 738 2186 809 annotationem
2208 743 2252 812 de
2326 830 2329 836 ,

1262 823 1417 890 secundo
1433 823 1547 913 capite
1563 827 1601 894 iu
1618 824 1737 913 Actis',
1754 834 1849 923 quod
1866 834 1903 902 in
1923 831 1990 906 hoc
2006 840 2095 909 festo
2111 843 2252 931 publice

1262 918 1400 1007 legitur.
1452 922 1787 1016 SperoCelsitudini
1797 932 1942 1006 Vestrae
1955 933 2046 1008 hanc
2062 941 2253 1014 lectionem

1262 1041 1336 1088 non
1353 1022 1536 1094 insuavem
1553 1030 1640 1104 fore.

1363 1121 1446 1194 Mea
1463 1129 1589 1198 misera
1603 1133 1733 1201 coniux
1747 1134 1795 1203 ita
1812 1135 1967 1208 luctatur
1982 1143 2146 1232 quotidie
2170 1169 2252 1222 eum

1260 1237 1391 1311 morte,
1416 1241 1458 1297 ut
1480 1231 1526 1298 ab
1543 1255 1582 1300 ea
1599 1233 1779 1303 discedere
1800 1261 1873 1306 nou
1891 1241 2034 1330 possim.
2085 1240 2163 1314 Etsi
2187 1271 2254 1314 au-

1262 1337 1330 1392 tem
1354 1330 1660 1402 commiseratione
1683 1337 1788 1405 valde
1810 1342 2010 1426 excrucior,
2042 1357 2161 1414 tamen
2182 1343 2252 1419 hoc

1261 1420 1351 1494 mihi
1371 1429 1530 1501 dolorem
1554 1435 1663 1520 lenit,
1689 1441 1785 1528 quod
1804 1462 1902 1510 meus
1928 1442 2041 1533 ipsius
2063 1451 2099 1516 et
2115 1447 2253 1538 integra

1261 1539 1295 1596 et
1320 1533 1605 1622 tranquillant,
1646 1550 1681 1606 et
1705 1561 1806 1630 saepe
1826 1542 1967 1612 divinas
1993 1548 2253 1622 consolationes

1260 1629 1383 1700 recitat
1398 1646 1433 1702 et
1448 1634 1571 1707 miscet
1592 1637 1866 1713 invocationem.
1916 1642 2031 1716 Filius
2056 1647 2125 1718 Dei
2146 1653 2251 1722 resti·
2293 1667 2295 1671 ’

1261 1742 1358 1800 tutor
1379 1734 1471 1803 vitae
1495 1752 1679 1810 conservet
1704 1765 1801 1826 eam,
1835 1758 1870 1814 et
1894 1761 1994 1835 regat
2019 1772 2085 1820 nos
2116 1775 2252 1828 omnes.

1259 1828 1357 1900 Bene
1380 1847 1416 1904 et
1436 1837 1608 1910 foeliciter
1630 1843 1745 1914 valeat
1769 1841 1862 1922 Cels.
1885 1844 1929 1922 V.
1986 1847 2166 1923 Postridie
2189 1859 2253 1949 τῆς

1260 1942 1520 2031 πεντηκοστῆς.

1583 2083 1703 2164 Celsit.
1721 2115 1755 2164 v.
1771 2093 1932 2165 addictus

1992 2191 2195 2294 Philippus.

1330 2926 1414 2998 Epist.
1429 2929 1462 2984 ad
1471 2931 1608 2985 Gamerae.
1623 2953 1650 3004 p.
1659 2915 1709 2990 72'1
1723 2957 1765 3008 sq.
1782 2938 1836 3007 (cd.
1850 2939 1939 3001 Lond.
1954 2945 2000 3001 lib.
2010 2947 2055 3004 lV.
2070 2965 2109 3018 ep·
2117 2947 2241 3015 8652.-

1363 2996 1401 3049 Er
1419 3017 1521 3082 errore·
1532 2999 1621 3054 editor
1634 3003 1703 3083 banc
1718 3007 1860 3078 epistolam
1877 3011 1909 3062 ad
1928 3031 2031 3070 annum
2055 3018 2129 3072 1557.
2145 3019 2247 3086 retulit,

1363 3085 1448 3137 quum
1468 3079 1567 3140 scripta
1588 3081 1677 3137 potrus
1695 3075 1729 3128 sit
1750 3077 1803 3130 hoc
1820 3095 1903 3132 anno.
1938 3079 2008 3136 Nam
2031 3102 2105 3140 anuo
2126 3088 2203 3142 1557.
2221 3091 2249 3145 in

1365 3136 1487 3205 epistolis
1506 3157 1597 3192 rinnsc
1613 3138 1688 3194 Maio
1702 3145 1754 3197 scri
1778 3146 1810 3198 tis
1825 3145 1890 3199 nihil
1903 3149 2050 3236 demorho
2066 3155 2190 3227 coniugis
2205 3159 2249 3213 ha·

1363 3203 1548 3342 {illati
1571 3207 1745 3333 titii...
1765 3213 1895 3354 titii·
1915 3219 2112 3362 dttt'tt‘t
2124 3227 2249 3350 thile

1363 3343 1428 3394 suni
1451 3343 1527 3398 155³.
1549 3343 1719 3469 Noriuberga
1744 3350 1778 3402 ab
1802 3351 1925 3432 Alberto.
1943 3357 2106 3416 Marehione
2130 3366 2251 3436 graviter

1361 3417 1450 3463 serata
1464 3422 1520 3476 est;
1537 3413 1612 3468 coni.
1627 3432 1669 3485 ep.
1704 3421 1750 3471 .l.
1766 3419 1846 3487 blais,
1865 3431 1890 3475 et
1904 3423 1929 3475 d.
1946 3427 1970 3479 t.
1981 3425 2042 3480 lun.

1262 3557 1488 3638 Clarissimo
1510 3569 1588 3640 viro
1613 3568 1815 3644 eruditione
1841 3587 1872 3646 et
1897 3579 2026 3651 virtute
2039 3589 2255 3679 praestanti

1262 3663 2027 3777 lonchimoCamerariofratrisuo
2044 3687 2253 3776 carissimo,

1262 3805 1311 3892 S.
1339 3817 1385 3888 D.
1445 3817 1490 3890 Et
1518 3823 1629 3893 debeo
1654 3825 1719 3894 tibi
1757 3841 1790 3914 et
1814 3823 1927 3901 haheo
1952 3835 2128 3922 gratiam,
2153 3843 2254 3932 qnod

1260 3945 1364 4012 poma
1381 3922 1507 4012 punica
1526 3927 1749 4016 quaesivisti,
1763 3944 1796 3999 et
1814 3931 1937 4003 misisti
1952 3959 2152 4006 cerasorum
2170 3965 2254 4012 snc-

1261 4047 1352 4094 cnm.
1404 4017 1615 4114 Accepimus
1641 4042 1757 4117 postea
1781 4031 1885 4102 missa
1911 4059 1929 4104 a
1952 4039 2138 4130 myropola
2156 4039 2255 4111 Tor-

1260 4124 1357 4213 gensi
1376 4127 1447 4192 duo
1465 4150 1567 4214 poma
1584 4131 1730 4216 punica,
1757 4135 1814 4200 sed
1833 4157 1897 4203 nec
1914 4140 2079 4207 morbum
2104 4139 2171 4210 ista
2198 4147 2255 4214 le·

1261 4225 1384 4310 nient,
1417 4249 1482 4296 nec
1514 4228 1640 4298 misera
1668 4257 1757 4302 uxor
1780 4258 1855 4303 mea
1876 4236 2008 4308 freritur
2042 4235 2098 4308 his
2130 4245 2253 4332 rebus,

1260 4328 1502 4418 quaequidem
1521 4331 1680 4420 quotidie
1696 4358 1775 4402 cum
1793 4350 1907 4405 morte
1922 4339 2086 4414 luctatur.
2113 4341 2252 4434 Magno

1261 4429 1384 4496 dolore
1398 4427 1532 4496 afficior
1546 4447 1690 4522 propter
1713 4437 2073 4526 commiserationem,
2098 4447 2158 4514 sed
2183 4443 2253 4518 hoe

1261 4527 1472 4596 levationem
1493 4529 1647 4622 aliquam
1670 4534 1790 4618 affert,
1817 4541 1910 4630 quod
1935 4562 2035 4610 mens
2055 4543 2168 4632 ipsius
2194 4551 2253 4618 iu-

1260 4641 1355 4716 tegra
1381 4643 1430 4699 est
1456 4643 1490 4699 et
1512 4634 1713 4725 tranquilla.
1762 4635 1912 4708 Etcum
1942 4641 2142 4732 ingreditur
2166 4675 2253 4722 ora-

1259 4721 1356 4798 iione
1379 4731 1416 4798 in
1440 4731 1580 4801 divinas
1611 4737 1888 4824 consolationes,
1923 4743 1970 4814 ita
1994 4745 2175 4837 loquitur,
2212 4765 2254 4823 ut

1260 4833 1426 4920 adpareat
1443 4855 1518 4900 eam
1528 4833 1700 4904 divinitus
1717 4839 1957 4912 confirmatam
1976 4868 2049 4913 esse
2065 4851 2252 4936 agnitione

1259 4931 1324 4997 lilii
1342 4929 1429 5014 Dei,
1455 4946 1489 5000 et
1509 4957 1570 5023 spe
1588 4950 1748 5007 aeternae
1772 4944 2038 5014 consuetudinis
2056 4971 2137 5018 cum
2153 4957 2253 5024 cele·

1229 5041 1231 5046 '
1259 5032 1303 5099 sti
1318 5028 1485 5104 Ecclesia.
1538 5030 1616 5104 Oro
1634 5039 1745 5107 lilium
1770 5037 1837 5110 Dei
1861 5039 2057 5114 Dominum
2083 5066 2254 5124 nostrum

1260 5129 1375 5200 lesum
1397 5129 1599 5220 Christum,
1626 5151 1664 5208 ut
1679 5140 1841 5229 publicas
1867 5158 1901 5214 et
1923 5149 2077 5236 privatas
2101 5153 2257 5225 calami-

1264 5301 1470 5314 ——a—-n

1290 5382 1322 5453 ¹)
1340 5380 1494 5438 Tilemauui
1513 5383 1659 5444 Hesshusii.
1696 5389 1757 5452 Vid.
1773 5409 1816 5464 ep.
1830 5394 1864 5451 ad
1879 5395 2054 5454 Matucaium
2069 5400 2096 5460 tl.
2111 5405 2152 5461 ll.
2170 5407 2255 5468 Maii.
