4720 6170
210 251 260 326 99
781 243 1219 325 EPISTULARUM
1277 247 1385 328 LlB.
1417 248 1500 328 x1t.
1553 247 1686 326 1558.
2173 251 2242 324 too

211 449 278 516 pro
293 436 353 496 tua
367 422 538 513 gravitate
552 435 588 493 et
601 420 789 514 prudentia
811 421 965 494 libenter
985 435 1020 493 et
1041 421 1199 492 studiose
1251 421 1309 490 die
1324 445 1402 492 cnm
1428 435 1543 493 morte
1565 423 1737 502 luctatur,
1764 443 1832 515 qua
1848 421 1886 492 in
1900 445 1939 493 re
1954 417 2022 494 hoc
2038 417 2129 494 mihi
2139 449 2242 496 -non-

214 525 323 612 tueri,
345 537 447 618 teque
463 548 542 596 cum
558 537 704 616 propter
719 525 944 594 excellentem
961 523 1200 594 eruditionem
1253 519 1345 592 nihil
1366 523 1525 593 dolorem
1548 525 1653 608 lenit,
1678 525 1774 617 quod
1797 547 1896 594 mens
1920 523 2030 617 ipsius
2052 539 2087 596 et
2107 526 2242 617 integra

213 640 329 712 tuam,
363 639 438 698 tum
463 649 548 696 vero
569 625 676 696 etiam
709 639 854 718 propter
880 620 977 696 hunc
1009 626 1127 717 ipsum
1161 625 1201 692 in
1252 639 1286 694 et
1300 625 1490 718 tranquilla
1508 639 1569 697 est.
1624 625 1736 694 Valde
1750 639 1867 695 antem
1885 651 1948 697 oro
1964 641 2017 713 te,
2043 641 2083 698 ut
2108 627 2241 698 interca

214 731 346 800 tuenda
380 727 642 798 consociatione
680 727 901 816 diligentiam
939 728 1042 798 valde
1078 725 1200 814 diligo.
1253 749 1354 818 saepe
1375 729 1419 796 ad
1444 751 1500 796 rne
1521 728 1664 801 scribas.
1714 723 1792 817 Ego
1810 731 1949 820 quoties
1965 742 2088 820 potero
2112 742 2147 798 et
2162 730 2243 800 lite-

213 829 305 902 Cum
326 843 443 900 autem
465 830 536 899 iam
560 829 650 899 istuc
674 831 717 896 ad
741 853 866 918 operas
884 829 1128 918 grammaticas
1143 852 1202 896 ac·
1253 853 1309 896 ras
1325 842 1359 898 et
1374 829 1518 918 paginas
1534 824 1592 897 hic
1607 829 1719 900 editas
1733 831 1887 900 mittam.
1935 828 1990 900 Ile
2005 830 2100 902 bello
2122 832 2242 900 nescio

214 933 362 1002 cersitus
395 931 440 1002 sit
467 923 639 1000 Andreas
670 923 965 1028 Wcsls'ngns*),
1015 931 1202 1024 praecipue
1255 929 1343 1022 quid
1362 930 1526 999 scribam.
1576 929 1653 1000 Scis
1675 930 1845 1024 quiddam
1866 926 2010 1024 sphingi
2029 931 2146 1002 simile
2168 955 2245 1002 esse

214 1034 283 1104 tibi
314 1035 634 1104 commendandum
667 1055 741 1102 esse
772 1033 913 1118 censui,
945 1032 1029 1127 quia
1060 1045 1094 1103 et
1127 1032 1202 1123 ipse
1256 1032 1398 1101 mixtam
1415 1031 1612 1100 crudelitati
1627 1028 1863 1122 sophisticam.
1899 1031 2001 1103 Talia
2020 1035 2247 1106 nnncmulta

214 1149 313 1205 tuam
336 1135 526 1205 amicitiam
549 1133 700 1203 maxime
723 1135 871 1225 expetit,
899 1159 980 1204 cum
1003 1135 1090 1204 sciat
1111 1147 1146 1202 te
1169 1145 1204 1200 et
1256 1133 1360 1217 liunt;
1387 1133 1485 1202 aliud
1507 1131 1640 1221 agitur,
1667 1133 1764 1203 aliud
1789 1135 2005 1220 ostenditur;
2029 1135 2087 1204 cui
2110 1135 2244 1227 quibus

213 1233 394 1308 Ecclesiae
427 1235 625 1306 doctrinam
654 1249 747 1307 recte
777 1237 974 1326 intelligere
1000 1250 1035 1306 et
1054 1235 1203 1306 excellas
1255 1233 1436 1303 coniuncti
1460 1234 1601 1305 sintvix
1624 1235 1679 1302 illi
1700 1249 1852 1319 norunt,
1877 1237 1939 1329 qui
1958 1235 2115 1306 consiliis
2130 1236 2246 1306 inter-

213 1339 417 1428 cognitione
432 1338 573 1427 linguae
587 1333 773 1422 hebraeae,
789 1351 823 1408 et
839 1351 955 1429 speret
970 1338 1037 1406 sibi
1053 1351 1112 1407 tua
1129 1335 1203 1406 col·
1255 1348 1349 1408 sunt.
1400 1332 1478 1424 Ego
1490 1359 1547 1405 me
1563 1336 1687 1426 procul
1701 1337 1822 1404 abesse
1837 1359 1856 1404 a
1875 1337 2245 1408 talibnsdeliberatio-

213 1439 336 1534 loquia
352 1439 505 1510 multum
519 1441 572 1508 ad·
584 1439 748 1534 pietatem
766 1453 801 1509 ct
818 1440 1054 1510 eruditionem
1079 1437 1203 1530 profu·
1256 1437 1362 1506 nibus
1376 1438 1524 1524 gaudeo.
1577 1435 1716 1507 lnterea
1731 1435 1924 1507 Ecclesiam
1939 1453 1974 1510 et
1991 1461 2056 1508 nos
2083 1439 2157 1508 lilio
2173 1436 2245 1509 Dei

212 1557 293 1612 tura
314 1565 398 1616 esse.
451 1538 494 1610 ln
520 1539 626 1612 bonis
651 1541 737 1610 viris
764 1541 1130 1630 magnumvinculum
1152 1551 1204 1608 est
1256 1539 1476 1609 commendo.
1518 1532 1703 1629 Oppidum
1717 1539 2247 1630 nonproculaNoribergasi-

212 1659 356 1714 mutuae
375 1643 645 1714 benevolentiae
658 1643 857 1714 studiorum
874 1643 1070 1712 similitudo
1089 1655 1124 1712 ct
1147 1641 1203 1710 iu·
1256 1653 1332 1708 tum
1351 1632 1395 1706 F
1391 1631 1574 1708 aretham
1591 1664 1687 1709 nunc
1703 1641 1843 1710 obsidet
1858 1635 2044 1712 Matthia
2059 1637 2246 1714 Albertos.

212 1745 390 1816 diciorum
429 1744 583 1816 collatio.
642 1739 909 1814 Animadvertis
949 1759 1068 1815 autem
1106 1738 1203 1812 hunc
1256 1739 1428 1834 Propiora
1450 1741 1580 1830 oppida
1598 1739 1832 1830 Noribergae,
1866 1767 1957 1836 qnae
1980 1743 2070 1812 rexit
2092 1740 2247 1814 &natus

213 1841 404 1916 Andream
421 1841 742 1916 honestnmvirum
763 1845 1204 1916 esseetcommuniscon-
1255 1839 1545 1932 Noribergensis,
1578 1843 1709 1926 delevit
1735 1843 1912 1912 incendio.
1974 1839 2091 1914 Aiunt
2114 1846 2244 1914 ducem

213 1950 356 2020 cordiae
384 1961 562 2018 amantem
592 1961 627 2018 et
667 1948 823 2018 alienum
856 1949 902 2019 ab
935 1947 1202 2020 obtrectatione.
1254 1939 1455 2013 Hearicum
1478 1941 1774 2014 Brunsvicensem
1801 1947 1930 2016 ducere
1956 1945 2146 2016 exercitum
2180 1947 2247 2015 ad-

212 2049 335 2138 Quare
354 2065 388 2122 te
403 2061 540 2134 oro,nt
555 2074 635 2119 eum
650 2049 894 2142 complectaris
909 2063 944 2120 et
961 2048 1119 2119 consiliis
1132 2047 1203 2117 tuis
1257 2068 1378 2116 versus
1409 2039 1656 2114 Marchionem
1689 2045 1888 2121 Albertum.
1946 2045 2055 2116 Plura
2087 2046 2245 2118 scribere

212 2175 324 2241 regas.
376 2149 491 2244 Spero
512 2150 587 2222 eius
610 2151 885 2222 familiaritatem
907 2151 974 2222 tibi
992 2151 1203 2220 noninsua-
1256 2170 1353 2216 nnnc
1373 2170 1447 2214 non
1477 2146 1597 2237 potui,
1637 2170 1702 2216 nec
1724 2143 1889 2218 historias
1914 2161 2025 2220 certas
2055 2141 2246 2224 habebam.

211 2277 291 2322 vern
309 2253 397 2322 fore.
436 2249 587 2324 Decrevi
601 2253 646 2322 ad
661 2277 724 2322 vos
740 2253 909 2344 expatiari
925 2276 1032 2346 quam
1048 2252 1204 2344 primum
1255 2245 1353 2316 Haec
1368 2247 1493 2338 scripsi
1509 2270 1631 2327 mane,
1657 2261 1753 2318 stans
1772 2250 1816 2317 ad
1841 2249 1971 2318 lectum
1988 2249 2137 2319 miserae
2160 2275 2248 2320 con-

210 2369 356 2446 potero,
381 2368 422 2426 ut
444 2355 490 2425 de
511 2353 727 2444 gravissimis
749 2353 964 2448 quibusdam
984 2352 1203 2446 quaestioni·
1257 2349 1349 2438 iugis
1374 2373 1492 2433 meae,
1526 2349 1690 2419 luctantis
1723 2373 1803 2420 cum
1830 2364 1954 2423 morte.
2015 2347 2095 2422 Oro
2131 2351 2245 2422 filium

210 2457 279 2526 bus
299 2470 415 2525 tecum
438 2471 474 2528 et
494 2481 575 2526 cnm
599 2455 679 2524 aliis
696 2457 845 2526 eruditis
861 2457 1053 2552 colloquar.
1105 2451 1204 2524 Bene
1256 2447 1343 2535 Dei,
1366 2464 1408 2520 ut
1424 2449 1639 2520 calamitates
1656 2452 1816 2541 publicas
1831 2465 1867 2522 et
1881 2451 2035 2543 privatas
2058 2453 2187 2538 leniat,
2211 2466 2246 2523 et

211 2571 247 2629 et
262 2557 413 2630 feliciter
428 2557 518 2628 vale.
568 2555 712 2632 Die29.
727 2555 830 2632 Maii.
1257 2565 1373 2623 servet
1401 2565 1437 2621 te
1464 2564 1497 2620 ct
1521 2565 1601 2620 tuos
1624 2577 1745 2621 omnes
1767 2553 1976 2628 incolumes.
2031 2551 2127 2624 Bene
2155 2555 2244 2628 vale.

952 2663 1153 2764 philippus,
1257 2649 1569 2726 Prid.Cal.lunii.
1622 2651 1780 2723 Salutem
1801 2667 1884 2744 opto
1907 2648 1952 2724 D.
1970 2647 2111 2750 Myls'o.
2164 2647 2242 2724 An·

1258 2749 1384 2826 &eam
1403 2749 1649 2848 Wcsls‘agnm
1664 2755 1732 2826 tibi
1747 2757 1972 2832 commendo.

207 3057 276 3130 No.
292 3055 408 3134 5400.
1032 3057 1203 3178 11013113

213 3153 387 3185 m

1269 3135 1335 3208 No.
1351 3133 1465 3214 6401.
2084 3137 2248 3210 'subluit

1259 3235 1469 3268 Μ
2080 3229 2251 3258 Μ

1569 3320 1636 3406 Ia.
1665 3321 1928 3406 Mattheaio.

1297 3533 1312 3548 ,
1324 3476 1410 3550 Epist.
1427 3475 1474 3531 lib·
1489 3475 1523 3534 ll.
1539 3495 1567 3550 p.
1586 3477 1644 3532 106.
1659 3477 1714 3548 (ed.
1730 3471 1819 3532 Laud.
1835 3475 1881 3532 lib.
1896 3475 1931 3531 ll.
1947 3493 1990 3547 ep.
2007 3473 2075 3544 92).

1443 3625 1498 3699 D.
1523 3621 1741 3698 Iohanni
1764 3621 2040 3698 Matthess'n

1257 3761 1304 3852 S.
1324 3777 1370 3854 D.
1422 3775 1631 3851 Revereudc
1643 3779 1698 3848 vir
1715 3793 1749 3850 et
1764 3773 1967 3848 charissime
1983 3777 2108 3863 frater,
2133 3777 2249 3872 Saepe

1257 3897 1379 3974 repeto
1395 3883 1640 3954 dulcissimum
1657 3891 1816 3960 versum,

505 3257 598 3341 Iac.
618 3259 880 3370 Bardingo.

279 3419 359 3488 †Rs
375 3437 469 3492 apogr.
487 3421 516 3474 in
535 3421 598 3473 cod.
618 3418 704 3475 Paris.
721 3417 758 3472 l).
776 3415 810 3470 L·
828 3417 891 3472 54⁸.

212 3567 392 3642 Iacobo
416 3565 685 3664 Burdingo,
723 3564 881 3640 doctoris
914 3568 1011 3640 artis
1042 3565 1203 3641 medicae

342 3674 382 3744 in
405 3670 546 3768 inclyta
574 3667 775 3744 Academia
801 3665 1073 3742 Rostoclsiana.

214 3807 262 3892 S.
288 3824 333 3898 D.
382 3821 430 3896 Et
443 3825 556 3894 debeo
577 3841 610 3896 et
628 3821 741 3896 habeo
765 3825 831 3896 tibi
845 3826 1014 3914 gratiam,
1041 3827 1136 3918 quod
1164 3828 1202 3895 in

217 3925 343 3994 itinere
359 3939 421 3996 tuo
437 3950 552 4016 nuper
568 3953 634 3996 nos
651 3929 856 4019 alloquutus
872 3923 960 4019 es‘).
1012 3923 1089 3997 Etsi
1108 3929 1202 3997 enim
2037 3999 2046 4023 0

216 4028 322 4095 breve
338 4029 555 4119 colloquium
581 4029 665 4112 fuit,
691 4042 810 4098 tamen
832 4031 876 4096 de
893 4029 1105 4122 quibusdam
1128 4055 1204 4098 ma·
1298 4014 1354 4090 Εἷς
1374 4010 1489 4094 ὄμματ’
1510 4009 1606 4078 “3⁹⁰5
1628 4011 1735 4097 φωΐόἒ
1757 4007 1924 4090 ‘wilm
1949 4010 2057 4092 flm-

215 4129 296 4215 gnis
312 4129 418 4198 rebus
438 4129 609 4198 iudicium
635 4143 736 4199 tuum
757 4131 909 4200 libenter
925 4132 1066 4212 audivi,
1093 4157 1132 4202 ac
1155 4133 1202 4202 ita
1257 4135 1336 4207 Erit
1357 4138 1467 4226 igitur
1490 4149 1524 4206 et
1545 4148 1752 4226 conspectus
1767 4145 1882 4201 vester
1908 4125 1999 4198 mihi
2015 4130 2196 4202 iucundus
2218 4145 2255 4203 et

217 4255 476 4301 accensussum
493 4232 1202 4316 desideriotnaeconsuetudinis,utcum
1258 4241 1371 4310 dulcis
1391 4238 1506 4308 oratio
1533 4261 1613 4306 cum
1642 4235 1866 4304 adveneritis.
1927 4229 2019 4300 Nam·
2050 4233 2095 4300 de
2124 4233 2252 4304 multis

219 4335 372 4422 primum
395 4345 518 4424 potero
541 4335 585 4401 ad
603 4358 665 4403 vos
680 4335 865 4416 accedere,
890 4349 925 4404 et
949 4335 1205 4427 aliquantisper
1260 4340 1395 4429 magnis
1424 4341 1529 4408 rebus
1556 4353 1590 4408 et
1619 4336 1901 4406 consideratione
1924 4331 2041 4421 dignis
2062 4333 2251 4428 colloque-

219 4437 429 4504 commorari
447 4434 524 4503 istic
538 4435 771 4518 decreverim,
797 4449 910 4504 tecum
926 4449 965 4505 ut
980 4437 1114 4508 diutius
1129 4439 1204 4507 col-
1259 4467 1350 4512 mur.
1403 4439 1524 4528 Quare
1537 4453 1578 4509 nt
1595 4439 1743 4506 veniatis
1764 4450 1868 4526 opto,
1895 4448 1931 4504 ct
1952 4431 2085 4503 Filium
2097 4433 2167 4504 Dei
2183 4457 2250 4506 uro

220 4533 318 4626 loqui
332 4527 450 4609 liceat.
501 4532 603 4606 Nihil
620 4537 807 4605 amabilius
823 4550 872 4604 est
886 4539 1096 4608 rectitudine
1110 4540 1204 4608 iudi·
1258 4555 1298 4614 ut
1313 4566 1375 4612 vos
1390 4553 1567 4633 protegat,
1593 4553 1632 4609 ut
1649 4541 1734 4610 texit
1751 4534 1865 4608 Iacob
1882 4535 2067 4606 facientem
2083 4535 2153 4605 iter
2164 4560 2249 4608 cnm

221 4635 267 4701 cii
286 4639 474 4708 coniuncta
497 4662 577 4707 cum
601 4640 764 4708 candore.
823 4635 891 4706 His
912 4637 1104 4709 virtutibus
1124 4665 1202 4710 cum
1259 4643 1415 4716 Ecclesia
1429 4668 1492 4712 sara
1509 4642 1711 4712 domestica.
1744 4639 1827 4709 Mea
1842 4638 1967 4706 misera
1983 4635 2139 4706 coniunx
2154 4663 2251 4732 qno·

221 4749 255 4802 te
271 4739 439 4808 excellere
454 4740 615 4823 videam,
635 4739 706 4808 frui
724 4739 970 4809 eruditissimis
988 4741 1056 4809 tuis
1072 4765 1204 4810 sermo·
1259 4747 1346 4818 tidie
1360 4747 1430 4814 iam
1445 4769 1525 4816 curn
1544 4757 1656 4812 morte
1672 4744 1843 4824 luctatur,
1859 4762 1922 4827 ego
1938 4737 2250 4814 commiseratione

221 4837 328 4906 nibus
350 4839 451 4909 valde
474 4843 588 4936 cupio.
640 4839 743 4910 Nunc
767 4841 923 4910 retineor
943 4835 1059 4911 adhuc
1084 4843 1206 4912 dome·
1258 4849 1361 4918 valde
1382 4847 1573 4919 excrucior.
1633 4843 1701 4914 Sed
1727 4840 1793 4912 hoc
1819 4842 1978 4908 dolorem
2007 4838 2114 4922 lenit,
2148 4841 2250 4933 quod

220 4941 520 5018 aticisaernmnis.
567 4941 659 5014 Nam
676 4967 751 5013 mea
776 4938 1064 5013 coniunnadhuc
1087 4945 1205 5036 quoti·
1259 4951 1369 5040 ipsius
1395 4971 1495 5017 mens
1518 4959 1552 5016 et
1573 4947 1706 5033 integra
1731 4959 1764 5014 et
1780 4941 1970 5033 tranquilla
1989 4953 2040 5008 est
2056 4941 2249 5012 manifesto

1258 5052 1329 5122 Dei
1353 5049 1533 5120 beneficio.
1589 5045 1673 5116 'l'ibi
1702 5059 1737 5116 et
1761 5033 1937 5138 Caspara.
1953 5040 2107 5131 pagellas
2127 5044 2250 5128 mitto,

254 5193 286 5262 ¹¹)
303 5193 379 5248 Abiit
394 5195 424 5253 ir
439 5195 614 5252 Academiam
629 5173 860 5269 liostocbiaosm,
881 5211 911 5256 nt
927 5199 1055 5256 chotuo
1070 5199 1105 5256 ll.
1125 5197 1205 5252 Seri-
1258 5157 1301 5224 de
1324 5153 1454 5247 qulbus
1474 5147 1646 5218 iudicium
1667 5162 1822 5218 vestrum
1851 5143 1980 5234 fimo·
2031 5139 2134 5214 Bm
2154 5145 2251 5215 γὼ*

287 5275 399 5386 ῗὲἒὲιιιιι
419 5265 556 5337 publicor.
579 5269 665 5323 Acsd.
681 5269 792 5326 Witeb.
812 5269 987 5342 intelligitur,
1021 5287 1114 5324 meuse
1134 5265 1204 5322 lulio
1256 5254 1378 5326 Pridie
1394 5251 1542 5326 calend·
1557 5247 1664 5322 lunll.

255 5419 287 5488 1)
304 5417 366 5477 vid.
378 5416 405 5474 d.
418 5417 443 5472 ⁵.
457 5415 524 5474 Maii
536 5417 563 5477 b.
577 5439 603 5478 s.
