4814 6172
142 260 223 346 ros
522 319 527 328 .
723 257 1155 342 sersrocaauu
1206 261 1315 343 nto.
1339 263 1425 344 xu.
1480 265 1612 348 eost.
2107 273 2184 349 ero

141 439 190 510 let
200 430 253 532 ⁶),
280 459 346 508 nec
362 450 479 510 tomen
494 461 716 529 magnacum
731 439 932 510 onerandus
946 451 1008 514 eet.
1034 435 1136 508 Dabo
1204 435 1270 512 No.
1290 435 1404 514 6587.
1863 464 1891 526 ι.
1911 451 1994 516 illoti.
2013 451 2069 534 (l.
2083 449 2155 532 ut)

141 563 267 612 rursus
289 540 321 608 ei
347 553 594 630 argumentum
618 565 683 610 nec
704 540 851 610 insuave
867 563 932 611 nec
944 541 1136 633 prolixum,
1191 533 1404 576 Μ
1827 547 2180 592 *m

143 656 178 714 et
199 665 370 736 quaeram
397 655 604 732 patronum,
638 643 699 738 qui
722 641 1135 734 invitetingeniumeius
1514 639 1658 762 Wolf,
1686 641 1843 734 Fugio,

142 744 357 814 munusculo
385 743 441 812 vel
466 767 541 814 mea
567 767 681 818 cansa.
734 743 846 834 Spero
864 745 1086 836 profuturam
1102 743 1134 812 ei
1298 817 1305 834 ⁸
1365 821 1372 834 ·

146 845 385 914 assiduitatem
409 844 446 914 in
464 847 643 931 docendo,
668 870 758 940 quae
775 847 928 917 abducat
942 870 1021 916 eum
1039 871 1058 914 a
1075 868 1133 912 so·
1255 817 1341 893 Epm.
1355 819 1402 876 ''¹’'
1417 819 1453 878 ¹¹·
1473 837 1500 893 Ρ·
1514 820 1565 874 ⁵⁷⁵
1578 839 1619 892 ⁸¹¹·
1637 819 1694 892 (ω’
1705 821 1796 880 ⁵⁰⁰⁶·
1809 821 1855 882 ω’·
1867 823 1904 880 ¹¹·
1922 841 1965 896 ‘P‘
1977 821 2065 888 Μ’)

148 945 293 1026 delitiis,
331 959 366 1018 et
399 959 517 1016 tamen
551 947 689 1016 labores
722 945 851 1018 habeat
882 970 957 1018 non
990 947 1132 1018 nimios.
1389 991 1433 1064 D
1478 991 1550 1069 W
1576 993 1594 1066 l
1816 992 1861 1070 F
1932 995 1941 1016 .

17 1097 19 1112 .
146 1047 263 1138 Quare
290 1048 449 1120 intentus
481 1071 542 1119 ero
566 1049 602 1117 in
629 1041 850 1134 occasiones,
889 1043 1131 1120 utinschola
1433 1049 1444 1073 ⁸
1547 995 1629 1097 ⁰s
1624 1021 1752 1106 μηθ’
1761 1021 1783 1070 ⁰
1864 1022 1969 1070 ⁰⁸¹⁰

17 1203 18 1214 .
138 1151 259 1246 eliqua
282 1149 455 1220 mediocri
477 1150 628 1236 serviat,
659 1151 725 1222 rabi
747 1151 915 1241 collegam
938 1151 1048 1220 fidum
1067 1146 1132 1219 ha·
1184 1131 1233 1220 S.
1259 1145 1305 1220 D.
1356 1145 1559 1219 Clarissime
1576 1150 1630 1219 vir
1646 1163 1680 1220 et
1694 1151 1804 1222 amice
1821 1145 2042 1238 charissime,
2069 1149 2176 1224 Hauc

135 1254 234 1327 lseat.
263 1245 266 1251 ’
286 1249 347 1322 Tu
368 1267 515 1345 paterno
538 1253 659 1324 animo
681 1276 781 1322 sanes
802 1277 892 1346 quae
913 1252 1030 1322 sanari
1047 1274 1130 1343 pos·
1183 1251 1326 1319 brevem
1344 1251 1526 1341 epistolam
1544 1252 1626 1322 dedi
1644 1253 1858 1323 adolescenti
1874 1246 2039 1334 Gallico,
2064 1245 2175 1326 Petro

133 1368 234 1430 sunt.
284 1348 337 1426 Et
350 1376 413 1444 ego
430 1353 500 1424 mei
514 1354 582 1424 lilii
596 1346 756 1426 naturam
772 1355 885 1426 tolero
903 1367 937 1425 et
949 1361 1131 1446 uteunque
1183 1339 1324 1420 Crasso
1339 1348 1627 1446 Sylvonectensi,
1652 1366 1735 1424 nato
1753 1356 1790 1422 in
1805 1356 1939 1424 familia
1954 1356 2068 1427 nobili
2085 1377 2174 1446 gen·

16 1467 17 1470 ’
131 1479 240 1546 rego,
266 1469 300 1526 et
317 1455 491 1548 plurimos
505 1469 621 1548 patres
635 1452 728 1528 hanc
744 1450 939 1531 ἐπιείκειαν
953 1479 1034 1547 erga
1049 1477 1131 1525 suos
1181 1447 1469 1542 tisFrancicoe,
1500 1481 1573 1524 non
1598 1456 1721 1548 procul
1738 1480 1757 1526 a
1774 1448 1949 1544 Lutetia,
1977 1473 2018 1530 ut
2035 1457 2172 1529 aditum

131 1581 453 1630 exercereneceesc
471 1569 533 1630 est.
585 1555 682 1629 Haec
698 1583 777 1630 cum
793 1558 1008 1650 scripsissem
1025 1557 1130 1628 allata
1181 1557 1227 1624 ad
1252 1568 1287 1626 te
1311 1551 1450 1628 habeat.
1508 1557 1591 1628 Non
1614 1557 1702 1649 petit
1724 1559 1928 1648 pecuniam,
1957 1559 2052 1630 vivet
2075 1561 2170 1630 enim

132 1673 185 1732 est
205 1661 320 1745 lama,
345 1657 498 1733 Romam
520 1683 539 1728 a
558 1656 674 1730 Gallis
694 1673 899 1752 occupatam
923 1683 1008 1736 esse.
1059 1657 1129 1730 Sed
1181 1680 1245 1727 suo
1270 1672 1435 1750 sumptu,
1461 1660 1603 1754 quaerit
1624 1659 1757 1730 alicubi
1770 1661 1947 1730 scribendi
1962 1683 2105 1753 operas,
2130 1676 2172 1733 ut

133 1757 221 1832 haec
249 1757 417 1832 historica
441 1763 485 1832 de
502 1784 625 1852 regum
642 1763 979 1838 furoribusomitto.
1032 1757 1130 1830 Bene
1181 1759 1339 1849 linguam
1372 1755 1637 1832 Germanicam
1671 1775 1836 1832 exerceat.
1902 1760 2070 1856 Comperi
2097 1785 2171 1836 esse

132 1865 226 1938 sale.
279 1863 336 1937 18.
353 1857 470 1958 April.
1180 1863 1397 1948 modestum,
1431 1876 1465 1934 et
1484 1864 1638 1936 iustitiae
1653 1877 1841 1935 amantem.
1892 1863 2032 1953 Quaeso
2048 1877 2088 1936 ut
2106 1887 2172 1958 pro

879 1961 1079 2058 Philippus.
1179 1976 1239 2032 tua
1262 1964 1451 2056 prudentia
1473 1979 1506 2036 et
1530 1967 1662 2038 virtute
1678 1968 1844 2036 ostendas
1859 1959 1998 2035 homini
2016 1967 2170 2059 peregri-

1179 2088 1228 2135 no
1253 2087 1334 2134 vere
1355 2065 1493 2138 laudari
1514 2062 1720 2162 Mysorum
1745 2063 2021 2158 hospitalitatem
2045 2069 2085 2138 in
2098 2065 2169 2140 Ar·

1175 2164 1379 2261 gonootico
1393 2171 1559 2247 carmine.
1610 2168 1710 2242 Bene
1727 2170 1817 2252 vale,
1868 2168 2016 2246 Calend.
2032 2167 2135 2242 Maii.

146 2297 212 2368 No.
229 2293 333 2377 5586.
936 2306 1127 2430 (Q

149 2393 316 2426 Μ

242 2663 249 2677 Ι
395 2501 549 2592 Iooole.
580 2503 860 2594 Coneerareo.
1188 2573 1255 2646 No.
1273 2571 1390 2648 5588.
1847 2581 1981 2653 Lm·
2006 2583 2054 2664 (h.
2071 2581 2143 2666 α)

195 2663 285 2738 Eput.
296 2665 331 2722 ecl
345 2663 485 2724 Cenem·
504 2685 531 2738 p.
543 2665 605 2728 ets.
626 2667 681 2738 (ed.
697 2666 787 2726 Laud.
805 2667 854 2725 lib.
868 2667 916 2724 lV.
934 2687 977 2745 ep.
991 2667 1077 2738 m).
1181 2671 1395 2714 *ovs-r
1810 2673 2171 2725 κιο-ψ...-

123 2807 357 2896 Clarissimo
381 2822 458 2895 viro
482 2818 685 2895 eruditione
709 2834 741 2895 et
763 2824 892 2897 virtute
914 2827 1128 2923 praestanti
1440 2775 1505 2868 Α·
1533 2779 1904 2892 Ηανᾱθηόθῗὲἰο·

214 2922 246 2998 I
253 2920 382 3004 uach.
408 2919 583 3004 Comes.
601 2927 731 3030 fratri
743 2950 811 2997 soo
830 2928 1035 3018 carissimo,
1243 2953 1313 3028 epp,
1326 2956 1359 3012 ,a
1373 2956 1559 3030 bramberg.
1576 2959 1660 3033 ‘r·⁷·

123 3062 173 3151 S.
198 3075 247 3148 D.
299 3075 399 3150 Duas
418 3078 523 3150 mitto
548 3078 733 3170 epistolas,
769 3077 914 3150 alteram
941 3081 979 3150 iu
1000 3097 1121 3156 nostra
1953 3131 1960 3149 .

121 3183 206 3250 aula
229 3179 418 3273 scriptam,
450 3205 541 3275 quae
564 3182 664 3252 iubet
685 3205 750 3250 uos
773 3183 937 3252 accedere
957 3181 1121 3280 Naopyr-
1351 3127 1409 3206 D'
1431 3129 1627 3205 Albim
1652 3127 1989 3229 Hardebmw

116 3306 227 3374 gum,
255 3283 286 3352 si
311 3283 473 3354 venerint
490 3306 532 3353 co
549 3277 884 3374 SueviciTheologi
901 3283 1121 3363 etHassiaci.
1172 3265 1222 3356 S·
1250 3279 1295 3356 D.
1348 3280 1558 3356 Reverendo
1581 3285 1655 3367 vir,
1686 3299 1720 3355 et
1739 3285 1915 3356 carissime
1932 3284 2058 3354 frater:
2097 3279 2166 3354 Dei

116 3383 288 3466 Alteram
302 3387 570 3477 veroscriptaru
584 3387 629 3455 ad
645 3409 720 3472 me,
745 3385 785 3454 in
802 3410 871 3480 qua
888 3386 927 3457 in
940 3385 1121 3462 Prassiam
1171 3383 1343 3456 beneficio
1367 3383 1486 3458 adhue
1507 3387 1697 3458 mediocria
1721 3401 1804 3458 sunt
1819 3384 2073 3459 Doctrinarum
2090 3399 2166 3456 stu-

116 3511 248 3570 vocor,
270 3511 342 3580 quo
356 3487 464 3558 audio
478 3487 678 3560 rediturum
693 3511 767 3559 esse
781 3480 991 3559 Iohannem
1005 3490 1121 3563 Auri-
1172 3489 1230 3558 dia
1256 3489 1295 3556 in
1320 3481 1385 3558 hac
1408 3490 1550 3564 vicinia.
1600 3485 1780 3560 Ecclesiae
1804 3490 1908 3560 etiam
1932 3487 2042 3578 magis
2057 3487 2164 3559 llore-

117 3585 294 3680 [αὐτοῖο.
351 3587 434 3660 Scio
458 3603 492 3660 te
513 3601 691 3684 utranque
711 3591 896 3686 epistolam
922 3593 1120 3668 admiratu.
1172 3603 1268 3676 rent,
1296 3589 1327 3660 si
1351 3591 1577 3686 disciplinam
1600 3605 1764 3662 curarent
1781 3591 1964 3684 Principes
1987 3603 2021 3660 et
2036 3591 2163 3660 caeteri

117 3716 202 3762 rum
226 3712 315 3762 esse.
377 3689 446 3762 Sed
472 3685 541 3760 hoc
562 3693 717 3763 seculum
741 3693 810 3763 tale
833 3706 902 3777 est,
929 3697 1062 3768 subitas
1086 3711 1120 3769 et
1171 3693 1447 3781 gubernatores,
1467 3697 1528 3789 qui
1544 3696 1622 3764 ideo
1640 3707 1768 3785 gerunt
1785 3717 1893 3778 arma,
1912 3707 1953 3764 ut
1967 3691 2039 3764 siut
2055 3691 2161 3762 disci-

117 3791 357 3884 negociorum
371 3806 406 3864 et
421 3795 645 3882 voluntatum
662 3795 877 3867 mutationes
893 3791 1012 3874 habet.
1043 3797 1119 3870 Nos
1170 3795 1290 3886 plinae
1310 3799 1484 3867 custodes.
1534 3793 1659 3886 Dirige
1678 3797 1789 3887 igitur
1803 3809 1838 3866 et
1855 3795 2114 3888 disputationes
2127 3807 2164 3866 et

116 3917 268 3966 oremus
282 3893 396 3964 lilium
409 3893 496 3981 Dei,
522 3908 562 3965 ut
575 3919 640 3964 nos
656 3898 846 3985 gubernet,
872 3911 907 3968 et
922 3914 1037 3972 servet
1051 3903 1118 3972 ali.
1169 3896 1238 3965 alia
1263 3919 1339 3966 mea
1361 3899 1490 3991 scripta
1512 3901 1556 3968 ad
1578 3899 1876 3968 consociationem
1892 3893 2019 3968 harum
2035 3893 2161 3967 Eccle-

120 4021 208 4088 quas
224 3991 404 4067 Ecclesiae
426 4021 510 4069 suae
533 3997 723 4092 reliquias,
749 4013 785 4072 et
798 4023 864 4070 nos
880 4000 919 4070 in
934 4025 974 4072 ea
992 4017 1116 4078 servet.
1168 3999 1301 4067 siarum
1324 4003 1424 4068 etad
1455 3999 1723 4090 explicationem
1752 4001 2020 4091 praecipuarum
2046 4012 2161 4070 mate-

124 4093 242 4168 'l'uam
257 4092 453 4169 Ecclesiam
472 4101 698 4170 domesticam
713 4114 797 4192 opto
811 4101 943 4171 salvam
960 4127 1000 4172 ac
1017 4104 1116 4174 inco·
1168 4101 1320 4184 riarum,
1353 4123 1442 4191 quas
1463 4094 1826 4194 velutinxurnxp'oee
1847 4102 1928 4172 seiri
1946 4113 2159 4170 necesseest.

133 4195 258 4267 lumem
280 4223 364 4274 esse.
424 4199 522 4272 Bene
546 4213 581 4272 et
601 4201 751 4271 feliciter
773 4201 864 4276 vale.
926 4200 1014 4274 Cras
1038 4201 1114 4277 Deo
1167 4197 1216 4276 Et
1237 4197 1385 4271 oroDei
1402 4199 1535 4272 Filium
1559 4193 1691 4300 λόγον,
1725 4201 2157 4296 utipsemeetalioselo-

134 4295 270 4370 iuvante
283 4301 350 4374 iter
362 4303 561 4396 ingrediar,
587 4305 632 4373 ad
649 4327 712 4373 vos
726 4327 937 4378 accessurus.
1167 4315 1242 4372 ceat
1255 4316 1289 4372 et
1304 4315 1411 4392 regat.
1446 4303 1549 4374 Meos
1564 4305 1705 4376 dolores
1719 4329 1837 4375 coram
1853 4305 1955 4375 vobis
1971 4323 2154 4394 exponam.

865 4401 1062 4500 Philippus.
1166 4401 1221 4474 De
1239 4403 1343 4473 bellis
1368 4429 1443 4476 uon
1467 4407 1556 4478 libet
1577 4407 1742 4478 scribere.
1813 4405 2001 4495 linguntur
2022 4426 2156 4494 poenae

1165 4529 1229 4598 per
1250 4527 1361 4596 genus
1382 4501 1577 4580 humanum
1599 4523 1744 4600 propter
1767 4507 1876 4578 multa
1898 4519 1932 4576 et
1950 4526 2077 4594 magua
2092 4505 2154 4572 ‹le-

1165 4605 1258 4680 licta.
1317 4605 1417 4680 luter
1439 4605 1502 4680 has
1526 4635 1677 4702 poenas,
1709 4621 1750 4680 ut
1771 4621 1886 4680 servet
1908 4605 2005 4678 Deus
2027 4599 2154 4674 Eccle-

123 4739 199 4812 No.
217 4783 265 4798 -
290 4777 342 4796 -
975 4770 1007 4810 m
1036 4746 1103 4832 Ape
1164 4708 1275 4788 siam,
1295 4719 1370 4779 toto
1386 4735 1467 4780 eum
1483 4726 1622 4804 pectore
1637 4711 1820 4782 vobiscum
1835 4735 1912 4782 oro.
1941 4697 2153 4777 DeCaroIo

112 4835 340 4876 sem
971 4795 1112 4868 ἀνῆκ’
1164 4809 1193 4878 si
1210 4810 1296 4903 quid
1314 4813 1400 4880 certi
1415 4807 1564 4898 habetis,
1585 4811 1755 4898 significa.
1776 4803 1859 4898 ζώει
1873 4803 1928 4910 iy'
1943 4804 1967 4900 ἠ
1981 4805 2150 4903 τέθνηκε.

465 4923 771 5048 (praefatio.)
1163 4907 1282 4984 κακὸν
1295 4905 1337 4984 δὲ
1359 4905 1546 5006 duspolim
1562 4904 1703 5004 βάζειν.
1746 4911 1844 4984 Bene
1859 4925 1894 4984 ct
1909 4909 2061 4984 feliciter
2073 4913 2151 4980 vole

181 5084 390 5145 vamum
420 5083 610 5142 Melanthorie
643 5085 674 5142 ir
704 5083 822 5142 librum
856 5083 972 5159 weng.
998 5089 1111 5160 xpm,
1163 5025 1198 5082 el
1212 5014 1376 5089 rescribe.
1425 5012 1502 5090 Cal,
1521 5013 1622 5090 Mau,

218 5155 332 5216 ὅπου
350 5157 402 5214 ert
422 5155 541 5226 trhrtt
556 5165 627 5221 ete..
644 5155 705 5211 vid·
723 5173 816 5210 mose
834 5154 929 5230 septb.
947 5156 1013 5212 cont
1032 5155 1110 5214 1⁵⁵3.
1901 5111 2100 5208 Philil’l’m·

90 5287 319 5313 nun-⁶¹*-

136 5387 171 5451 ⁸)
196 5381 261 5436 vta
273 5395 354 5451 apa
369 5393 412 5447 ep.
425 5373 460 5430 etl
475 5379 589 5434 ruro-
604 5373 780 5432 vinnom
796 5373 825 5430 d.
835 5372 864 5430 t.
874 5371 1004 5446 thien,
1025 5389 1109 5448 prere

181 5455 256 5508 bne
266 5467 311 5522 ep.
322 5445 356 5504 etl
369 5443 446 5502 hone
457 5463 558 5502 anon
571 5441 666 5502 retuli.
