<?xml version="1.0" encoding="UTF-8"?>
<!DOCTYPE html PUBLIC "-//W3C//DTD XHTML 1.0 Transitional//EN"
    "http://www.w3.org/TR/xhtml1/DTD/xhtml1-transitional.dtd">
<html xmlns="http://www.w3.org/1999/xhtml" xml:lang="en" lang="en">
 <head>
  <title>
</title>
<meta http-equiv="Content-Type" content="text/html;charset=utf-8" />
  <meta name='ocr-system' content='tesseract 3.04.00' />
  <meta name='ocr-capabilities' content='ocr_page ocr_carea ocr_par ocr_line ocrx_word'/>
</head>
<body>
  <div class='ocr_page' id='page_1' title='image "./philippimelanth05bindgoog_0019.png"; bbox 0 0 4720 6170; ppageno 0'>
   <div class='ocr_carea' id='block_1_1' title="bbox 710 241 2170 360">
    <p class='ocr_par' dir='ltr' id='par_1_1' title="bbox 710 241 2170 360">
     <span class='ocr_line' id='line_1_1' title="bbox 710 241 2170 360; baseline 0.016 -24"><span class='ocrx_word' id='word_1_1' title='bbox 710 254 985 338; x_wconf 74' lang='lat' dir='ltr'><strong>annonas</strong></span> <span class='ocrx_word' id='word_1_2' title='bbox 1020 256 1213 336; x_wconf 80' lang='lat' dir='ltr'><strong>vrran</strong></span> <span class='ocrx_word' id='word_1_3' title='bbox 1244 257 1379 338; x_wconf 82' lang='lat' dir='ltr'><strong>nnn</strong></span> <span class='ocrx_word' id='word_1_4' title='bbox 1433 261 1567 344; x_wconf 81' lang='lat' dir='ltr'><strong>assa.</strong></span> <span class='ocrx_word' id='word_1_5' title='bbox 1872 241 1874 246; x_wconf 75' lang='grc'>’</span> <span class='ocrx_word' id='word_1_6' title='bbox 2125 244 2170 360; x_wconf 73' lang='grc' dir='ltr'><strong>ἰι</strong></span> 
     </span>
    </p>
   </div>
   <div class='ocr_carea' id='block_1_2' title="bbox 168 379 2170 646">
    <p class='ocr_par' dir='ltr' id='par_1_2' title="bbox 168 379 2170 646">
     <span class='ocr_line' id='line_1_2' title="bbox 168 379 2170 646; baseline 0.054 -203"><span class='ocrx_word' id='word_1_7' title='bbox 168 379 228 552; x_wconf 47' lang='grc'><strong>13.</strong></span> <span class='ocrx_word' id='word_1_8' title='bbox 260 475 345 646; x_wconf 54' lang='lat' dir='ltr'><strong>Nor</strong></span> <span class='ocrx_word' id='word_1_9' title='bbox 355 473 460 638; x_wconf 50' lang='grc' dir='ltr'><strong>ἔξω</strong></span> <span class='ocrx_word' id='word_1_10' title='bbox 485 471 570 641; x_wconf 56' lang='lat' dir='ltr'><strong>lildsri1</strong></span> <span class='ocrx_word' id='word_1_11' title='bbox 578 467 784 644; x_wconf 48' lang='lat' dir='ltr'><strong>ghptpeihde</strong></span> <span class='ocrx_word' id='word_1_12' title='bbox 806 437 999 536; x_wconf 79' lang='lat' dir='ltr'><strong>matrimonio</strong></span> <span class='ocrx_word' id='word_1_13' title='bbox 1021 486 1162 557; x_wconf 81' lang='lat' dir='ltr'><strong>paratur,</strong></span> <span class='ocrx_word' id='word_1_14' title='bbox 1196 469 1425 540; x_wconf 74' lang='lat' dir='ltr'><strong>alternatione</strong></span> <span class='ocrx_word' id='word_1_15' title='bbox 1447 485 1561 564; x_wconf 77' lang='lat' dir='ltr'><strong>passim</strong></span> <span class='ocrx_word' id='word_1_16' title='bbox 1575 485 1735 574; x_wconf 71' lang='lat' dir='ltr'><strong>amendati.</strong></span> <span class='ocrx_word' id='word_1_17' title='bbox 1786 484 1835 554; x_wconf 77' lang='lat' dir='ltr'><strong>(ii.</strong></span> <span class='ocrx_word' id='word_1_18' title='bbox 1850 491 1950 575; x_wconf 68' lang='lat' dir='ltr'><strong>epod</strong></span> <span class='ocrx_word' id='word_1_19' title='bbox 1968 487 2076 578; x_wconf 80' lang='lat' dir='ltr'><strong>Chytr.</strong></span> <span class='ocrx_word' id='word_1_20' title='bbox 2092 493 2121 560; x_wconf 80' lang='lat' dir='ltr'><strong>d.</strong></span> <span class='ocrx_word' id='word_1_21' title='bbox 2138 497 2170 566; x_wconf 81' lang='lat' dir='ltr'><strong>d,</strong></span> 
     </span>
     <span class='ocr_line' id='line_1_3' title="bbox 334 587 1229 642; baseline -0.007 -3"><span class='ocrx_word' id='word_1_22' title='bbox 334 587 493 639; x_wconf 81' lang='lat' dir='ltr'><strong>.er.et</strong></span> <span class='ocrx_word' id='word_1_23' title='bbox 602 622 611 642; x_wconf 96' lang='lat'><strong>.</strong></span> <span class='ocrx_word' id='word_1_24' title='bbox 652 597 713 636; x_wconf 91' lang='lat' dir='ltr'><strong>er.</strong></span> <span class='ocrx_word' id='word_1_25' title='bbox 754 595 805 638; x_wconf 83' lang='lat' dir='ltr'><strong>.a.</strong></span> <span class='ocrx_word' id='word_1_26' title='bbox 1221 611 1229 626; x_wconf 72' lang='grc'><strong>.</strong></span> 
     </span>
    </p>
   </div>
   <div class='ocr_carea' id='block_1_3' title="bbox 173 687 1694 1253">
    <p class='ocr_par' dir='ltr' id='par_1_3' title="bbox 173 687 1694 1253">
     <span class='ocr_line' id='line_1_4' title="bbox 184 687 1568 785; baseline 0.005 -26"><span class='ocrx_word' id='word_1_27' title='bbox 184 709 232 770; x_wconf 78' lang='lat'><strong>27.</strong></span> <span class='ocrx_word' id='word_1_28' title='bbox 262 697 406 760; x_wconf 70' lang='lat' dir='ltr'><strong>Emleaim</strong></span> <span class='ocrx_word' id='word_1_29' title='bbox 418 699 453 756; x_wconf 88' lang='lat' dir='ltr'><strong>ira</strong></span> <span class='ocrx_word' id='word_1_30' title='bbox 464 691 593 756; x_wconf 86' lang='lat' dir='ltr'><strong>l&#39;olonia</strong></span> <span class='ocrx_word' id='word_1_31' title='bbox 608 690 813 755; x_wconf 86' lang='lat' dir='ltr'><strong>Melanthonia</strong></span> <span class='ocrx_word' id='word_1_32' title='bbox 828 694 977 760; x_wconf 73' lang='lat' dir='ltr'><strong>iudicium</strong></span> <span class='ocrx_word' id='word_1_33' title='bbox 991 693 1028 756; x_wconf 89' lang='lat' dir='ltr'><strong>de</strong></span> <span class='ocrx_word' id='word_1_34' title='bbox 1046 687 1182 760; x_wconf 76' lang='lat' dir='ltr'><strong>staurari</strong></span> <span class='ocrx_word' id='word_1_35' title='bbox 1201 701 1395 781; x_wconf 75' lang='lat' dir='ltr'><strong>opinionibus</strong></span> <span class='ocrx_word' id='word_1_36' title='bbox 1409 715 1568 785; x_wconf 81' lang='lat' dir='ltr'><strong>expetunt.</strong></span> 
     </span>
     <span class='ocr_line' id='line_1_5' title="bbox 257 809 1328 898; baseline 0.005 -20"><span class='ocrx_word' id='word_1_37' title='bbox 257 813 430 898; x_wconf 70' lang='lat' dir='ltr'><strong>scripturos</strong></span> <span class='ocrx_word' id='word_1_38' title='bbox 447 812 543 875; x_wconf 83' lang='lat' dir='ltr'><strong>estad</strong></span> <span class='ocrx_word' id='word_1_39' title='bbox 558 809 730 874; x_wconf 85' lang='lat' dir='ltr'><strong>Prnasiaoos</strong></span> <span class='ocrx_word' id='word_1_40' title='bbox 747 812 784 874; x_wconf 85' lang='lat' dir='ltr'><strong>de</strong></span> <span class='ocrx_word' id='word_1_41' title='bbox 801 811 1019 875; x_wconf 68' lang='lat' dir='ltr'><strong>inhabitatione</strong></span> <span class='ocrx_word' id='word_1_42' title='bbox 1036 809 1196 877; x_wconf 73' lang='lat' dir='ltr'><strong>chronna</strong></span> <span class='ocrx_word' id='word_1_43' title='bbox 1210 823 1328 884; x_wconf 84' lang='lat' dir='ltr'><strong>sanatis.</strong></span> 
     </span>
     <span class='ocr_line' id='line_1_6' title="bbox 254 931 1694 1022; baseline 0.008 -25"><span class='ocrx_word' id='word_1_44' title='bbox 254 931 435 998; x_wconf 87' lang='lat' dir='ltr'><strong>Melanthou</strong></span> <span class='ocrx_word' id='word_1_45' title='bbox 447 935 542 994; x_wconf 88' lang='lat' dir='ltr'><strong>mittit</strong></span> <span class='ocrx_word' id='word_1_46' title='bbox 558 931 768 993; x_wconf 84' lang='lat' dir='ltr'><strong>definitionum</strong></span> <span class='ocrx_word' id='word_1_47' title='bbox 783 933 939 1012; x_wconf 84' lang='lat' dir='ltr'><strong>libellum,</strong></span> <span class='ocrx_word' id='word_1_48' title='bbox 964 935 1027 996; x_wconf 86' lang='lat' dir='ltr'><strong>sive</strong></span> <span class='ocrx_word' id='word_1_49' title='bbox 1044 955 1170 996; x_wconf 86' lang='lat' dir='ltr'><strong>examen</strong></span> <span class='ocrx_word' id='word_1_50' title='bbox 1185 932 1433 1022; x_wconf 84' lang='lat' dir='ltr'><strong>Megalpnrgense</strong></span> <span class='ocrx_word' id='word_1_51' title='bbox 1446 945 1555 1004; x_wconf 90' lang='lat' dir='ltr'><strong>iterum</strong></span> <span class='ocrx_word' id='word_1_52' title='bbox 1569 943 1694 1008; x_wconf 86' lang='lat' dir='ltr'><strong>aditum.</strong></span> 
     </span>
     <span class='ocr_line' id='line_1_7' title="bbox 173 1047 1506 1135; baseline 0.007 -22"><span class='ocrx_word' id='word_1_53' title='bbox 173 1059 221 1124; x_wconf 78' lang='lat'><strong>28.</strong></span> <span class='ocrx_word' id='word_1_54' title='bbox 254 1051 392 1114; x_wconf 71' lang='lat' dir='ltr'><strong>Vocatur</strong></span> <span class='ocrx_word' id='word_1_55' title='bbox 407 1055 441 1112; x_wconf 91' lang='lat' dir='ltr'><strong>in</strong></span> <span class='ocrx_word' id='word_1_56' title='bbox 454 1055 554 1114; x_wconf 83' lang='lat' dir='ltr'><strong>arrlsm</strong></span> <span class='ocrx_word' id='word_1_57' title='bbox 568 1047 715 1116; x_wconf 73' lang='lat' dir='ltr'><strong>Electoris</strong></span> <span class='ocrx_word' id='word_1_58' title='bbox 729 1051 768 1114; x_wconf 89' lang='lat' dir='ltr'><strong>ad</strong></span> <span class='ocrx_word' id='word_1_59' title='bbox 781 1051 1028 1116; x_wconf 77' lang='lat' dir='ltr'><strong>deliberationem</strong></span> <span class='ocrx_word' id='word_1_60' title='bbox 1042 1052 1080 1116; x_wconf 84' lang='lat' dir='ltr'><strong>da</strong></span> <span class='ocrx_word' id='word_1_61' title='bbox 1090 1057 1280 1135; x_wconf 68' lang='lat' dir='ltr'><strong>inspectione</strong></span> <span class='ocrx_word' id='word_1_62' title='bbox 1292 1054 1506 1126; x_wconf 82' lang='lat' dir='ltr'><strong>Eoolesiarurn.</strong></span> 
     </span>
     <span class='ocr_line' id='line_1_8' title="bbox 255 1166 696 1253; baseline -0.007 -18"><span class='ocrx_word' id='word_1_63' title='bbox 255 1169 352 1236; x_wconf 78' lang='lat' dir='ltr'><strong>Mittit</strong></span> <span class='ocrx_word' id='word_1_64' title='bbox 366 1173 499 1253; x_wconf 74' lang='lat' dir='ltr'>pagellas</span> <span class='ocrx_word' id='word_1_65' title='bbox 514 1169 551 1231; x_wconf 86' lang='lat' dir='ltr'><strong>da</strong></span> <span class='ocrx_word' id='word_1_66' title='bbox 565 1166 696 1233; x_wconf 85' lang='lat' dir='ltr'><strong>Eleotro.</strong></span> 
     </span>
    </p>
   </div>
   <div class='ocr_carea' id='block_1_4' title="bbox 146 1290 221 1354">
    <p class='ocr_par' dir='ltr' id='par_1_4' title="bbox 146 1290 221 1354">
     <span class='ocr_line' id='line_1_9' title="bbox 146 1290 221 1354; baseline -0.053 0"><span class='ocrx_word' id='word_1_67' title='bbox 146 1290 221 1354; x_wconf 77' lang='lat' dir='ltr'><strong>Febr.</strong></span> 
     </span>
    </p>
   </div>
   <div class='ocr_carea' id='block_1_5' title="bbox 167 1405 1645 1733">
    <p class='ocr_par' dir='ltr' id='par_1_5' title="bbox 167 1405 1645 1733">
     <span class='ocr_line' id='line_1_10' title="bbox 190 1405 1645 1492; baseline 0.006 -19"><span class='ocrx_word' id='word_1_68' title='bbox 190 1412 222 1479; x_wconf 81' lang='grc'><strong>6.</strong></span> <span class='ocrx_word' id='word_1_69' title='bbox 255 1410 332 1476; x_wconf 86' lang='lat' dir='ltr'><strong>Mel.</strong></span> <span class='ocrx_word' id='word_1_70' title='bbox 349 1411 545 1492; x_wconf 75' lang='lat' dir='ltr'><strong>proficiscitur</strong></span> <span class='ocrx_word' id='word_1_71' title='bbox 558 1405 725 1489; x_wconf 86' lang='lat' dir='ltr'><strong>Dresdam,</strong></span> <span class='ocrx_word' id='word_1_72' title='bbox 752 1413 805 1472; x_wconf 89' lang='lat' dir='ltr'><strong>ubi</strong></span> <span class='ocrx_word' id='word_1_73' title='bbox 819 1413 937 1492; x_wconf 74' lang='lat' dir='ltr'><strong>scripsit</strong></span> <span class='ocrx_word' id='word_1_74' title='bbox 952 1409 1083 1471; x_wconf 80' lang='lat' dir='ltr'><strong>formam</strong></span> <span class='ocrx_word' id='word_1_75' title='bbox 1096 1415 1277 1478; x_wconf 69' lang='lat' dir='ltr'><strong>visitationis</strong></span> <span class='ocrx_word' id='word_1_76' title='bbox 1291 1420 1324 1477; x_wconf 89' lang='lat' dir='ltr'><strong>in</strong></span> <span class='ocrx_word' id='word_1_77' title='bbox 1341 1435 1429 1477; x_wconf 84' lang='lat' dir='ltr'><strong>osum</strong></span> <span class='ocrx_word' id='word_1_78' title='bbox 1445 1421 1645 1482; x_wconf 72' lang='lat' dir='ltr'><strong>visitatorum.</strong></span> 
     </span>
     <span class='ocr_line' id='line_1_11' title="bbox 255 1525 1001 1610; baseline -0.005 -18"><span class='ocrx_word' id='word_1_79' title='bbox 255 1527 348 1592; x_wconf 86' lang='lat' dir='ltr'><strong>lnitia</strong></span> <span class='ocrx_word' id='word_1_80' title='bbox 369 1527 572 1590; x_wconf 82' lang='lat' dir='ltr'><strong>Comitiornm</strong></span> <span class='ocrx_word' id='word_1_81' title='bbox 586 1525 745 1610; x_wconf 85' lang='lat' dir='ltr'><strong>Augustae</strong></span> <span class='ocrx_word' id='word_1_82' title='bbox 758 1526 1001 1590; x_wconf 78' lang='lat' dir='ltr'><strong>vindelicorum.</strong></span> 
     </span>
     <span class='ocr_line' id='line_1_12' title="bbox 167 1643 1627 1733; baseline -0.002 -19"><span class='ocrx_word' id='word_1_83' title='bbox 167 1651 221 1714; x_wconf 87' lang='grc'><strong>10.</strong></span> <span class='ocrx_word' id='word_1_84' title='bbox 257 1646 369 1712; x_wconf 86' lang='lat' dir='ltr'><strong>Scribit</strong></span> <span class='ocrx_word' id='word_1_85' title='bbox 382 1645 517 1728; x_wconf 79' lang='lat' dir='ltr'><strong>Principi</strong></span> <span class='ocrx_word' id='word_1_86' title='bbox 531 1643 682 1726; x_wconf 84' lang='lat' dir='ltr'><strong>Elaotori,</strong></span> <span class='ocrx_word' id='word_1_87' title='bbox 708 1649 782 1733; x_wconf 88' lang='lat' dir='ltr'><strong>quid</strong></span> <span class='ocrx_word' id='word_1_88' title='bbox 796 1648 968 1712; x_wconf 70' lang='lat' dir='ltr'><strong>laciendum</strong></span> <span class='ocrx_word' id='word_1_89' title='bbox 988 1651 1027 1710; x_wconf 85' lang='lat' dir='ltr'><strong>sit</strong></span> <span class='ocrx_word' id='word_1_90' title='bbox 1044 1652 1078 1712; x_wconf 86' lang='lat' dir='ltr'><strong>iu</strong></span> <span class='ocrx_word' id='word_1_91' title='bbox 1092 1653 1296 1714; x_wconf 72' lang='lat' dir='ltr'><strong>controversis</strong></span> <span class='ocrx_word' id='word_1_92' title='bbox 1309 1653 1347 1714; x_wconf 75' lang='lat' dir='ltr'><strong>ab</strong></span> <span class='ocrx_word' id='word_1_93' title='bbox 1364 1647 1517 1716; x_wconf 82' lang='lat' dir='ltr'><strong>Oaiandro</strong></span> <span class='ocrx_word' id='word_1_94' title='bbox 1533 1663 1627 1712; x_wconf 80' lang='lat' dir='ltr'><strong>motu.</strong></span> 
     </span>
    </p>
   </div>
   <div class='ocr_carea' id='block_1_6' title="bbox 254 1763 2161 1935">
    <p class='ocr_par' dir='ltr' id='par_1_6' title="bbox 254 1763 2161 1935">
     <span class='ocr_line' id='line_1_13' title="bbox 254 1763 2161 1933; baseline 0.003 -103"><span class='ocrx_word' id='word_1_95' title='bbox 254 1767 407 1933; x_wconf 51' lang='lat' dir='ltr'><strong>Andiviip</strong></span> <span class='ocrx_word' id='word_1_96' title='bbox 401 1763 534 1828; x_wconf 83' lang='lat' dir='ltr'><strong>Drasdea</strong></span> <span class='ocrx_word' id='word_1_97' title='bbox 549 1763 715 1845; x_wconf 83' lang='lat' dir='ltr'><strong>Davidem,</strong></span> <span class='ocrx_word' id='word_1_98' title='bbox 740 1763 913 1828; x_wconf 77' lang='lat' dir='ltr'><strong>Diaconum</strong></span> <span class='ocrx_word' id='word_1_99' title='bbox 927 1765 1186 1847; x_wconf 84' lang='lat' dir='ltr'><strong>Freibsrgensem‚</strong></span> <span class='ocrx_word' id='word_1_100' title='bbox 1214 1789 1284 1829; x_wconf 84' lang='lat' dir='ltr'><strong>unm</strong></span> <span class='ocrx_word' id='word_1_101' title='bbox 1299 1768 1422 1831; x_wconf 77' lang='lat' dir='ltr'><strong>Pastore</strong></span> <span class='ocrx_word' id='word_1_102' title='bbox 1446 1791 1502 1832; x_wconf 85' lang='lat' dir='ltr'><strong>suo</strong></span> <span class='ocrx_word' id='word_1_103' title='bbox 1519 1770 1721 1854; x_wconf 82' lang='lat' dir='ltr'><strong>disputantem</strong></span> <span class='ocrx_word' id='word_1_104' title='bbox 1734 1767 1771 1830; x_wconf 83' lang='lat' dir='ltr'><strong>de</strong></span> <span class='ocrx_word' id='word_1_105' title='bbox 1784 1768 1967 1854; x_wconf 80' lang='lat' dir='ltr'><strong>adiaphoris.</strong></span> <span class='ocrx_word' id='word_1_106' title='bbox 2018 1767 2094 1833; x_wconf 79' lang='lat' dir='ltr'><strong>vit.</strong></span> <span class='ocrx_word' id='word_1_107' title='bbox 2112 1793 2161 1854; x_wconf 84' lang='lat' dir='ltr'><strong>ep.</strong></span> 
     </span>
     <span class='ocr_line' id='line_1_14' title="bbox 304 1867 718 1935; baseline -0.007 -3"><span class='ocrx_word' id='word_1_108' title='bbox 304 1871 343 1932; x_wconf 83' lang='lat' dir='ltr'><strong>ati</strong></span> <span class='ocrx_word' id='word_1_109' title='bbox 408 1873 489 1930; x_wconf 86' lang='lat' dir='ltr'><strong>aller.</strong></span> <span class='ocrx_word' id='word_1_110' title='bbox 506 1868 536 1933; x_wconf 88' lang='lat' dir='ltr'><strong>d.</strong></span> <span class='ocrx_word' id='word_1_111' title='bbox 558 1876 614 1935; x_wconf 80' lang='lat'><strong>12.</strong></span> <span class='ocrx_word' id='word_1_112' title='bbox 629 1867 718 1934; x_wconf 89' lang='lat' dir='ltr'><strong>Febr.</strong></span> 
     </span>
    </p>
   </div>
   <div class='ocr_carea' id='block_1_7' title="bbox 167 1973 2162 2173">
    <p class='ocr_par' dir='ltr' id='par_1_7' title="bbox 167 1973 2162 2173">
     <span class='ocr_line' id='line_1_15' title="bbox 167 1973 2162 2069; baseline 0.002 -18"><span class='ocrx_word' id='word_1_113' title='bbox 167 1989 218 2051; x_wconf 75' lang='lat' dir='ltr'><strong>lb·</strong></span> <span class='ocrx_word' id='word_1_114' title='bbox 251 1973 385 2052; x_wconf 81' lang='lat' dir='ltr'><strong>Nomine</strong></span> <span class='ocrx_word' id='word_1_115' title='bbox 398 1985 558 2050; x_wconf 84' lang='lat' dir='ltr'><strong>Pastorum</strong></span> <span class='ocrx_word' id='word_1_116' title='bbox 572 1985 772 2051; x_wconf 85' lang='lat' dir='ltr'><strong>Misnenaium</strong></span> <span class='ocrx_word' id='word_1_117' title='bbox 794 1989 896 2052; x_wconf 86' lang='lat' dir='ltr'><strong>soribit</strong></span> <span class='ocrx_word' id='word_1_118' title='bbox 914 1988 1075 2067; x_wconf 83' lang='lat' dir='ltr'><strong>epistolam</strong></span> <span class='ocrx_word' id='word_1_119' title='bbox 1089 1986 1129 2050; x_wconf 85' lang='lat' dir='ltr'><strong>ad</strong></span> <span class='ocrx_word' id='word_1_120' title='bbox 1148 1990 1348 2054; x_wconf 86' lang='lat' dir='ltr'><strong>oonsolandos</strong></span> <span class='ocrx_word' id='word_1_121' title='bbox 1364 1988 1499 2056; x_wconf 82' lang='lat' dir='ltr'><strong>Pastorea</strong></span> <span class='ocrx_word' id='word_1_122' title='bbox 1512 1989 1679 2056; x_wconf 88' lang='lat' dir='ltr'><strong>Bobemiae</strong></span> <span class='ocrx_word' id='word_1_123' title='bbox 1702 2003 1731 2051; x_wconf 88' lang='lat' dir='ltr'><strong>at</strong></span> <span class='ocrx_word' id='word_1_124' title='bbox 1749 1983 1908 2069; x_wconf 86' lang='lat' dir='ltr'><strong>Lusatiae‚</strong></span> <span class='ocrx_word' id='word_1_125' title='bbox 1936 1993 1975 2052; x_wconf 91' lang='lat' dir='ltr'><strong>ob</strong></span> <span class='ocrx_word' id='word_1_126' title='bbox 1990 2013 2089 2054; x_wconf 82' lang='lat' dir='ltr'><strong>raram</strong></span> <span class='ocrx_word' id='word_1_127' title='bbox 2104 1991 2162 2054; x_wconf 90' lang='lat' dir='ltr'><strong>do-</strong></span> 
     </span>
     <span class='ocr_line' id='line_1_16' title="bbox 304 2095 600 2173; baseline -0.003 -19"><span class='ocrx_word' id='word_1_128' title='bbox 304 2095 434 2154; x_wconf 78' lang='lat' dir='ltr'><strong>ctrinam</strong></span> <span class='ocrx_word' id='word_1_129' title='bbox 447 2095 600 2173; x_wconf 87' lang='lat' dir='ltr'><strong>expulsos.</strong></span> 
     </span>
    </p>
   </div>
   <div class='ocr_carea' id='block_1_8' title="bbox 26 2205 1787 2750">
    <p class='ocr_par' dir='ltr' id='par_1_8' title="bbox 26 2205 1787 2750">
     <span class='ocr_line' id='line_1_17' title="bbox 180 2205 611 2272; baseline 0.007 -4"><span class='ocrx_word' id='word_1_130' title='bbox 180 2205 231 2271; x_wconf 80' lang='lat' dir='ltr'><strong>ll·</strong></span> <span class='ocrx_word' id='word_1_131' title='bbox 259 2208 382 2272; x_wconf 82' lang='lat' dir='ltr'><strong>Misniae</strong></span> <span class='ocrx_word' id='word_1_132' title='bbox 395 2221 439 2270; x_wconf 87' lang='lat' dir='ltr'><strong>est</strong></span> <span class='ocrx_word' id='word_1_133' title='bbox 453 2211 486 2270; x_wconf 90' lang='lat' dir='ltr'><strong>in</strong></span> <span class='ocrx_word' id='word_1_134' title='bbox 501 2209 611 2271; x_wconf 81' lang='lat' dir='ltr'><strong>reditu.</strong></span> 
     </span>
     <span class='ocr_line' id='line_1_18' title="bbox 26 2325 644 2413; baseline 0.008 -25"><span class='ocrx_word' id='word_1_135' title='bbox 26 2331 39 2413; x_wconf 64' lang='lat' dir='ltr'><strong>l</strong></span> <span class='ocrx_word' id='word_1_136' title='bbox 177 2325 227 2388; x_wconf 81' lang='lat'><strong>16·</strong></span> <span class='ocrx_word' id='word_1_137' title='bbox 256 2327 464 2410; x_wconf 83' lang='lat' dir='ltr'><strong>Witabergam</strong></span> <span class='ocrx_word' id='word_1_138' title='bbox 476 2332 644 2393; x_wconf 76' lang='lat' dir='ltr'><strong>revertitur.</strong></span> 
     </span>
     <span class='ocr_line' id='line_1_19' title="bbox 251 2437 1787 2530; baseline -0.007 -16"><span class='ocrx_word' id='word_1_139' title='bbox 251 2449 320 2514; x_wconf 78' lang='lat' dir='ltr'><strong>Hoc</strong></span> <span class='ocrx_word' id='word_1_140' title='bbox 333 2469 437 2511; x_wconf 85' lang='lat' dir='ltr'><strong>mense</strong></span> <span class='ocrx_word' id='word_1_141' title='bbox 452 2451 575 2530; x_wconf 75' lang='lat' dir='ltr'><strong>nuptiae</strong></span> <span class='ocrx_word' id='word_1_142' title='bbox 592 2459 662 2510; x_wconf 83' lang='lat' dir='ltr'><strong>sunt</strong></span> <span class='ocrx_word' id='word_1_143' title='bbox 675 2437 797 2506; x_wconf 88' lang='lat' dir='ltr'><strong>loannis</strong></span> <span class='ocrx_word' id='word_1_144' title='bbox 812 2437 932 2506; x_wconf 77' lang='lat' dir='ltr'><strong>Alberti</strong></span> <span class='ocrx_word' id='word_1_145' title='bbox 947 2437 1045 2506; x_wconf 84' lang='lat' dir='ltr'><strong>Duois</strong></span> <span class='ocrx_word' id='word_1_146' title='bbox 1055 2437 1208 2528; x_wconf 82' lang='lat' dir='ltr'><strong>Megapol.</strong></span> <span class='ocrx_word' id='word_1_147' title='bbox 1226 2465 1297 2508; x_wconf 87' lang='lat' dir='ltr'><strong>oum</strong></span> <span class='ocrx_word' id='word_1_148' title='bbox 1318 2447 1380 2508; x_wconf 80' lang='lat' dir='ltr'><strong>filia</strong></span> <span class='ocrx_word' id='word_1_149' title='bbox 1395 2440 1517 2510; x_wconf 83' lang='lat' dir='ltr'><strong>Alberti</strong></span> <span class='ocrx_word' id='word_1_150' title='bbox 1530 2443 1625 2510; x_wconf 84' lang='lat' dir='ltr'><strong>Dnois</strong></span> <span class='ocrx_word' id='word_1_151' title='bbox 1640 2442 1787 2508; x_wconf 84' lang='lat' dir='ltr'><strong>Prussiae.</strong></span> 
     </span>
     <span class='ocr_line' id='line_1_20' title="bbox 136 2554 218 2620; baseline 0 0"><span class='ocrx_word' id='word_1_152' title='bbox 136 2554 218 2620; x_wconf 86' lang='lat' dir='ltr'><strong>Mart.</strong></span> 
     </span>
     <span class='ocr_line' id='line_1_21' title="bbox 187 2677 892 2750; baseline -0.004 -5"><span class='ocrx_word' id='word_1_153' title='bbox 187 2679 221 2745; x_wconf 85' lang='lat'><strong>6·</strong></span> <span class='ocrx_word' id='word_1_154' title='bbox 251 2685 349 2750; x_wconf 80' lang='lat' dir='ltr'><strong>Mittit</strong></span> <span class='ocrx_word' id='word_1_155' title='bbox 361 2686 467 2747; x_wconf 83' lang='lat' dir='ltr'><strong>aminis</strong></span> <span class='ocrx_word' id='word_1_156' title='bbox 483 2703 619 2746; x_wconf 74' lang='lat' dir='ltr'><strong>carmen:</strong></span> <span class='ocrx_word' id='word_1_157' title='bbox 647 2677 735 2742; x_wconf 78' lang='lat' dir='ltr'><strong>Nihil</strong></span> <span class='ocrx_word' id='word_1_158' title='bbox 752 2699 818 2739; x_wconf 82' lang='lat' dir='ltr'><strong>sum</strong></span> <span class='ocrx_word' id='word_1_159' title='bbox 834 2693 892 2746; x_wconf 86' lang='lat' dir='ltr'><strong>eto.</strong></span> 
     </span>
    </p>
   </div>
   <div class='ocr_carea' id='block_1_9' title="bbox 189 2797 2160 2984">
    <p class='ocr_par' dir='ltr' id='par_1_9' title="bbox 189 2797 2160 2984">
     <span class='ocr_line' id='line_1_22' title="bbox 189 2797 2160 2886; baseline 0.003 -24"><span class='ocrx_word' id='word_1_160' title='bbox 189 2799 220 2862; x_wconf 82' lang='grc'><strong>6.</strong></span> <span class='ocrx_word' id='word_1_161' title='bbox 251 2803 426 2870; x_wconf 76' lang='lat' dir='ltr'><strong>Conventus</strong></span> <span class='ocrx_word' id='word_1_162' title='bbox 440 2801 616 2886; x_wconf 76' lang='lat' dir='ltr'><strong>Principum</strong></span> <span class='ocrx_word' id='word_1_163' title='bbox 630 2797 870 2877; x_wconf 85' lang='lat' dir='ltr'><strong>Saxoniaornm,</strong></span> <span class='ocrx_word' id='word_1_164' title='bbox 894 2797 1108 2864; x_wconf 81' lang='lat' dir='ltr'><strong>Marobionuns</strong></span> <span class='ocrx_word' id='word_1_165' title='bbox 1123 2811 1154 2861; x_wconf 87' lang='lat' dir='ltr'><strong>at</strong></span> <span class='ocrx_word' id='word_1_166' title='bbox 1174 2797 1388 2866; x_wconf 84' lang='lat' dir='ltr'><strong>Hasaiaoorum</strong></span> <span class='ocrx_word' id='word_1_167' title='bbox 1404 2799 1613 2886; x_wconf 78' lang='lat' dir='ltr'><strong>Nannabnrgi,</strong></span> <span class='ocrx_word' id='word_1_168' title='bbox 1639 2805 1692 2868; x_wconf 87' lang='lat' dir='ltr'><strong>nbi</strong></span> <span class='ocrx_word' id='word_1_169' title='bbox 1714 2805 1894 2882; x_wconf 64' lang='lat' dir='ltr'><strong>damnant,</strong></span> <span class='ocrx_word' id='word_1_170' title='bbox 1921 2825 1953 2867; x_wconf 87' lang='lat' dir='ltr'><strong>ss</strong></span> <span class='ocrx_word' id='word_1_171' title='bbox 1969 2819 2031 2863; x_wconf 87' lang='lat' dir='ltr'><strong>non</strong></span> <span class='ocrx_word' id='word_1_172' title='bbox 2049 2799 2160 2867; x_wconf 73' lang='lat' dir='ltr'><strong>dim-</strong></span> 
     </span>
     <span class='ocr_line' id='line_1_23' title="bbox 302 2901 1466 2984; baseline -0.004 -14"><span class='ocrx_word' id='word_1_173' title='bbox 302 2929 390 2970; x_wconf 85' lang='lat' dir='ltr'><strong>suros</strong></span> <span class='ocrx_word' id='word_1_174' title='bbox 404 2929 467 2968; x_wconf 84' lang='lat' dir='ltr'><strong>essa</strong></span> <span class='ocrx_word' id='word_1_175' title='bbox 484 2927 502 2967; x_wconf 88' lang='lat' dir='ltr'><strong>a</strong></span> <span class='ocrx_word' id='word_1_176' title='bbox 514 2906 648 2968; x_wconf 83' lang='lat' dir='ltr'><strong>doctrina</strong></span> <span class='ocrx_word' id='word_1_177' title='bbox 663 2907 696 2964; x_wconf 91' lang='lat' dir='ltr'><strong>in</strong></span> <span class='ocrx_word' id='word_1_178' title='bbox 709 2903 898 2965; x_wconf 80' lang='lat' dir='ltr'><strong>oool&#39;assiona</strong></span> <span class='ocrx_word' id='word_1_179' title='bbox 915 2901 1094 2984; x_wconf 80' lang='lat' dir='ltr'><strong>Augustam</strong></span> <span class='ocrx_word' id='word_1_180' title='bbox 1106 2902 1225 2967; x_wconf 79' lang='lat' dir='ltr'><strong>tradita.</strong></span> <span class='ocrx_word' id='word_1_181' title='bbox 1462 2919 1466 2930; x_wconf 93' lang='grc'><em>·</em></span> 
     </span>
    </p>
   </div>
   <div class='ocr_carea' id='block_1_10' title="bbox 157 3017 2160 4961">
    <p class='ocr_par' dir='ltr' id='par_1_10' title="bbox 157 3017 2160 4961">
     <span class='ocr_line' id='line_1_24' title="bbox 176 3017 1020 3106; baseline -0.006 -17"><span class='ocrx_word' id='word_1_182' title='bbox 176 3017 222 3080; x_wconf 71' lang='lat'><strong>1⁹·</strong></span> <span class='ocrx_word' id='word_1_183' title='bbox 249 3025 325 3089; x_wconf 72' lang='lat' dir='ltr'><strong>Mer</strong></span> <span class='ocrx_word' id='word_1_184' title='bbox 342 3027 436 3087; x_wconf 73' lang='lat' dir='ltr'><strong>mitro</strong></span> <span class='ocrx_word' id='word_1_185' title='bbox 449 3027 589 3086; x_wconf 68' lang='lat' dir='ltr'><strong>obertum</strong></span> <span class='ocrx_word' id='word_1_186' title='bbox 605 3021 747 3106; x_wconf 70' lang='lat' dir='ltr'><strong>chyum</strong></span> <span class='ocrx_word' id='word_1_187' title='bbox 764 3021 802 3082; x_wconf 70' lang='grc' dir='ltr'><strong>α.</strong></span> <span class='ocrx_word' id='word_1_188' title='bbox 815 3024 1020 3086; x_wconf 78' lang='lat' dir='ltr'><strong>matrimonio.</strong></span> 
     </span>
     <span class='ocr_line' id='line_1_25' title="bbox 174 3113 665 3226; baseline -0.012 -19"><span class='ocrx_word' id='word_1_189' title='bbox 174 3137 224 3198; x_wconf 77' lang='lat'><strong>2⁰·</strong></span> <span class='ocrx_word' id='word_1_190' title='bbox 251 3143 349 3206; x_wconf 80' lang='lat' dir='ltr'><strong>Mittit</strong></span> <span class='ocrx_word' id='word_1_191' title='bbox 367 3147 499 3226; x_wconf 84' lang='lat' dir='ltr'><strong>pagellas</strong></span> <span class='ocrx_word' id='word_1_192' title='bbox 522 3113 558 3202; x_wconf 81' lang='lat' dir='ltr'><strong>da</strong></span> <span class='ocrx_word' id='word_1_193' title='bbox 574 3136 665 3226; x_wconf 74' lang='grc' dir='ltr'><strong>λόγῳ.</strong></span> 
     </span>
     <span class='ocr_line' id='line_1_26' title="bbox 170 3254 842 3346; baseline -0.012 -21"><span class='ocrx_word' id='word_1_194' title='bbox 170 3254 221 3318; x_wconf 71' lang='lat'><strong>23·</strong></span> <span class='ocrx_word' id='word_1_195' title='bbox 251 3261 400 3346; x_wconf 82' lang='lat' dir='ltr'><strong>Expeotat</strong></span> <span class='ocrx_word' id='word_1_196' title='bbox 414 3257 538 3343; x_wconf 81' lang='lat' dir='ltr'><strong>Georgii</strong></span> <span class='ocrx_word' id='word_1_197' title='bbox 551 3257 656 3322; x_wconf 87' lang='lat' dir='ltr'><strong>Sabini</strong></span> <span class='ocrx_word' id='word_1_198' title='bbox 672 3257 842 3320; x_wconf 80' lang='lat' dir='ltr'><strong>adveutum.</strong></span> 
     </span>
     <span class='ocr_line' id='line_1_27' title="bbox 253 3369 2160 3458; baseline -0.007 -14"><span class='ocrx_word' id='word_1_199' title='bbox 253 3379 393 3444; x_wconf 82' lang='lat' dir='ltr'><strong>Exeunte</strong></span> <span class='ocrx_word' id='word_1_200' title='bbox 407 3377 517 3442; x_wconf 83' lang='lat' dir='ltr'><strong>Martio</strong></span> <span class='ocrx_word' id='word_1_201' title='bbox 537 3391 566 3440; x_wconf 85' lang='lat' dir='ltr'><strong>et</strong></span> <span class='ocrx_word' id='word_1_202' title='bbox 581 3399 683 3438; x_wconf 85' lang='lat' dir='ltr'><strong>mense</strong></span> <span class='ocrx_word' id='word_1_203' title='bbox 697 3373 801 3458; x_wconf 82' lang='lat' dir='ltr'><strong>Aprili</strong></span> <span class='ocrx_word' id='word_1_204' title='bbox 816 3371 995 3435; x_wconf 82' lang='lat' dir='ltr'><strong>illalmtbon</strong></span> <span class='ocrx_word' id='word_1_205' title='bbox 1012 3383 1173 3455; x_wconf 87' lang='lat' dir='ltr'><strong>ooonpatua</strong></span> <span class='ocrx_word' id='word_1_206' title='bbox 1195 3385 1239 3436; x_wconf 91' lang='lat' dir='ltr'><strong>est</strong></span> <span class='ocrx_word' id='word_1_207' title='bbox 1260 3376 1431 3437; x_wconf 77' lang='lat' dir='ltr'><strong>visitatione</strong></span> <span class='ocrx_word' id='word_1_208' title='bbox 1446 3369 1648 3438; x_wconf 74' lang='lat' dir='ltr'><strong>Boalan‘arnn</strong></span> <span class='ocrx_word' id='word_1_209' title='bbox 1663 3375 1843 3440; x_wconf 82' lang='lat' dir='ltr'><strong>vioinarnm.</strong></span> <span class='ocrx_word' id='word_1_210' title='bbox 1903 3369 1953 3438; x_wconf 79' lang='lat' dir='ltr'><strong>(if.</strong></span> <span class='ocrx_word' id='word_1_211' title='bbox 1972 3393 2019 3454; x_wconf 81' lang='lat' dir='ltr'><strong>ap·</strong></span> <span class='ocrx_word' id='word_1_212' title='bbox 2034 3372 2065 3436; x_wconf 85' lang='lat' dir='ltr'><strong>d.</strong></span> <span class='ocrx_word' id='word_1_213' title='bbox 2083 3375 2115 3440; x_wconf 83' lang='lat'><strong>9.</strong></span> <span class='ocrx_word' id='word_1_214' title='bbox 2131 3383 2160 3432; x_wconf 86' lang='lat' dir='ltr'><strong>et</strong></span> 
     </span>
     <span class='ocr_line' id='line_1_28' title="bbox 308 3480 463 3552; baseline 0.006 -8"><span class='ocrx_word' id='word_1_215' title='bbox 308 3490 365 3552; x_wconf 85' lang='lat'><strong>10.</strong></span> <span class='ocrx_word' id='word_1_216' title='bbox 382 3480 414 3544; x_wconf 84' lang='lat' dir='ltr'>A</span> <span class='ocrx_word' id='word_1_217' title='bbox 437 3505 463 3547; x_wconf 87' lang='lat' dir='ltr'><strong>r.</strong></span> 
     </span>
     <span class='ocr_line' id='line_1_29' title="bbox 157 3505 707 3668; baseline -0.002 -23"><span class='ocrx_word' id='word_1_218' title='bbox 157 3589 231 3668; x_wconf 82' lang='lat' dir='ltr'><strong>Apr.</strong></span> <span class='ocrx_word' id='word_1_219' title='bbox 416 3505 436 3565; x_wconf 74' lang='lat' dir='ltr'><strong>P</strong></span> <span class='ocrx_word' id='word_1_220' title='bbox 701 3655 707 3665; x_wconf 28' lang='grc' dir='ltr'><strong><em>Δ</em></strong></span> 
     </span>
     <span class='ocr_line' id='line_1_30' title="bbox 199 3692 1173 3788; baseline -0.012 -20"><span class='ocrx_word' id='word_1_221' title='bbox 199 3707 228 3773; x_wconf 82' lang='grc'><strong>6.</strong></span> <span class='ocrx_word' id='word_1_222' title='bbox 256 3701 408 3766; x_wconf 82' lang='lat' dir='ltr'><strong>Praefatur</strong></span> <span class='ocrx_word' id='word_1_223' title='bbox 424 3708 456 3764; x_wconf 88' lang='lat' dir='ltr'><strong>in</strong></span> <span class='ocrx_word' id='word_1_224' title='bbox 468 3703 594 3765; x_wconf 84' lang='lat' dir='ltr'><strong>Hieron.</strong></span> <span class='ocrx_word' id='word_1_225' title='bbox 606 3695 677 3762; x_wconf 89' lang='lat' dir='ltr'><strong>Osii</strong></span> <span class='ocrx_word' id='word_1_226' title='bbox 689 3697 784 3758; x_wconf 87' lang='lat' dir='ltr'><strong>libros</strong></span> <span class='ocrx_word' id='word_1_227' title='bbox 797 3692 835 3754; x_wconf 87' lang='lat' dir='ltr'><strong>da</strong></span> <span class='ocrx_word' id='word_1_228' title='bbox 850 3695 972 3760; x_wconf 81' lang='lat' dir='ltr'><strong>vitanda</strong></span> <span class='ocrx_word' id='word_1_229' title='bbox 985 3697 1136 3760; x_wconf 83' lang='lat' dir='ltr'><strong>ebrietate.</strong></span> <span class='ocrx_word' id='word_1_230' title='bbox 1168 3775 1173 3788; x_wconf 85' lang='lat'><strong>.</strong></span> 
     </span>
     <span class='ocr_line' id='line_1_31' title="bbox 199 3810 1357 3902; baseline -0.007 -14"><span class='ocrx_word' id='word_1_231' title='bbox 199 3825 228 3888; x_wconf 76' lang='grc'><strong>9.</strong></span> <span class='ocrx_word' id='word_1_232' title='bbox 256 3820 412 3886; x_wconf 78' lang='lat' dir='ltr'><strong>Mareellns</strong></span> <span class='ocrx_word' id='word_1_233' title='bbox 427 3817 471 3887; x_wconf 92' lang='lat' dir='ltr'><strong>II.</strong></span> <span class='ocrx_word' id='word_1_234' title='bbox 487 3819 570 3902; x_wconf 85' lang='lat' dir='ltr'><strong>Papa</strong></span> <span class='ocrx_word' id='word_1_235' title='bbox 585 3821 723 3899; x_wconf 81' lang='lat' dir='ltr'><strong>eligitur,</strong></span> <span class='ocrx_word' id='word_1_236' title='bbox 750 3816 803 3897; x_wconf 87' lang='lat' dir='ltr'><strong>qui</strong></span> <span class='ocrx_word' id='word_1_237' title='bbox 824 3833 894 3874; x_wconf 86' lang='lat' dir='ltr'><strong>vero</strong></span> <span class='ocrx_word' id='word_1_238' title='bbox 912 3835 987 3876; x_wconf 87' lang='lat' dir='ltr'><strong>mox</strong></span> <span class='ocrx_word' id='word_1_239' title='bbox 1002 3815 1031 3878; x_wconf 85' lang='lat' dir='ltr'><strong>d.</strong></span> <span class='ocrx_word' id='word_1_240' title='bbox 1048 3822 1107 3888; x_wconf 80' lang='lat'><strong>30.</strong></span> <span class='ocrx_word' id='word_1_241' title='bbox 1121 3810 1200 3900; x_wconf 75' lang='lat' dir='ltr'><strong>Aps.</strong></span> <span class='ocrx_word' id='word_1_242' title='bbox 1219 3819 1357 3880; x_wconf 81' lang='lat' dir='ltr'><strong>moritur.</strong></span> 
     </span>
     <span class='ocr_line' id='line_1_32' title="bbox 255 3928 1490 4020; baseline -0.006 -16"><span class='ocrx_word' id='word_1_243' title='bbox 255 3941 320 4006; x_wconf 82' lang='lat' dir='ltr'><strong>Hos</strong></span> <span class='ocrx_word' id='word_1_244' title='bbox 334 3963 439 4006; x_wconf 86' lang='lat' dir='ltr'><strong>menae</strong></span> <span class='ocrx_word' id='word_1_245' title='bbox 452 3935 631 4002; x_wconf 85' lang='lat' dir='ltr'><strong>Malantbon</strong></span> <span class='ocrx_word' id='word_1_246' title='bbox 646 3948 676 3996; x_wconf 88' lang='lat' dir='ltr'><strong>et</strong></span> <span class='ocrx_word' id='word_1_247' title='bbox 693 3928 900 4020; x_wconf 73' lang='lat' dir='ltr'><strong>Bugenbagan</strong></span> <span class='ocrx_word' id='word_1_248' title='bbox 916 3933 1051 3998; x_wconf 75' lang='lat' dir='ltr'><strong>iudicant</strong></span> <span class='ocrx_word' id='word_1_249' title='bbox 1066 3933 1104 3998; x_wconf 89' lang='lat' dir='ltr'><strong>de</strong></span> <span class='ocrx_word' id='word_1_250' title='bbox 1119 3937 1267 4000; x_wconf 73' lang='lat' dir='ltr'><strong>reservato</strong></span> <span class='ocrx_word' id='word_1_251' title='bbox 1282 3935 1490 3998; x_wconf 75' lang='lat' dir='ltr'><strong>aeclesiastico.</strong></span> 
     </span>
     <span class='ocr_line' id='line_1_33' title="bbox 164 4049 228 4120; baseline 0 0"><span class='ocrx_word' id='word_1_252' title='bbox 164 4049 228 4120; x_wconf 76' lang='lat' dir='ltr'><strong>tin</strong></span> 
     </span>
     <span class='ocr_line' id='line_1_34' title="bbox 182 4173 536 4260; baseline -0.008 -21"><span class='ocrx_word' id='word_1_253' title='bbox 182 4181 228 4244; x_wconf 84' lang='lat'><strong>10.</strong></span> <span class='ocrx_word' id='word_1_254' title='bbox 255 4175 323 4240; x_wconf 83' lang='lat' dir='ltr'><strong>Mal.</strong></span> <span class='ocrx_word' id='word_1_255' title='bbox 343 4191 389 4240; x_wconf 83' lang='lat' dir='ltr'><strong>est</strong></span> <span class='ocrx_word' id='word_1_256' title='bbox 401 4173 536 4260; x_wconf 84' lang='lat' dir='ltr'><strong>Lipsiae.</strong></span> 
     </span>
     <span class='ocr_line' id='line_1_35' title="bbox 188 4283 1063 4379; baseline -0.011 -21"><span class='ocrx_word' id='word_1_257' title='bbox 188 4297 229 4364; x_wconf 78' lang='lat' dir='ltr'><strong>li.</strong></span> <span class='ocrx_word' id='word_1_258' title='bbox 256 4293 301 4360; x_wconf 81' lang='lat' dir='ltr'><strong>lla</strong></span> <span class='ocrx_word' id='word_1_259' title='bbox 314 4289 501 4379; x_wconf 69' lang='lat' dir='ltr'><strong>rirpmrup</strong></span> <span class='ocrx_word' id='word_1_260' title='bbox 514 4290 665 4374; x_wconf 78' lang='lat' dir='ltr'><strong>praalanu</strong></span> <span class='ocrx_word' id='word_1_261' title='bbox 678 4292 711 4357; x_wconf 76' lang='lat' dir='ltr'><strong>ln</strong></span> <span class='ocrx_word' id='word_1_262' title='bbox 726 4283 810 4354; x_wconf 84' lang='lat' dir='ltr'><strong>Dalii</strong></span> <span class='ocrx_word' id='word_1_263' title='bbox 824 4300 917 4352; x_wconf 75' lang='lat' dir='ltr'><strong>artam</strong></span> <span class='ocrx_word' id='word_1_264' title='bbox 932 4285 1063 4351; x_wconf 77' lang='lat' dir='ltr'><strong>iooantll.</strong></span> 
     </span>
     <span class='ocr_line' id='line_1_36' title="bbox 174 4385 1181 4486; baseline -0.01 -14"><span class='ocrx_word' id='word_1_265' title='bbox 174 4447 178 4458; x_wconf 91' lang='lat'><em>·</em></span> <span class='ocrx_word' id='word_1_266' title='bbox 194 4415 236 4476; x_wconf 83' lang='lat' dir='ltr'><strong>li.</strong></span> <span class='ocrx_word' id='word_1_267' title='bbox 257 4411 371 4477; x_wconf 85' lang='lat' dir='ltr'><strong>lodioat</strong></span> <span class='ocrx_word' id='word_1_268' title='bbox 385 4412 423 4473; x_wconf 84' lang='lat' dir='ltr'><strong>de</strong></span> <span class='ocrx_word' id='word_1_269' title='bbox 438 4408 484 4473; x_wconf 93' lang='lat' dir='ltr'><strong>lo.</strong></span> <span class='ocrx_word' id='word_1_270' title='bbox 502 4385 642 4470; x_wconf 74' lang='lat' dir='ltr'><strong>Sler&#39;dorir&#39;</strong></span> <span class='ocrx_word' id='word_1_271' title='bbox 654 4409 780 4468; x_wconf 87' lang='lat' dir='ltr'><strong>hirtoria</strong></span> <span class='ocrx_word' id='word_1_272' title='bbox 794 4407 832 4467; x_wconf 84' lang='lat' dir='ltr'><strong>de</strong></span> <span class='ocrx_word' id='word_1_273' title='bbox 847 4409 1023 4486; x_wconf 76' lang='lat' dir='ltr'><strong>germanicis</strong></span> <span class='ocrx_word' id='word_1_274' title='bbox 1037 4405 1181 4466; x_wconf 87' lang='lat' dir='ltr'><strong>motibus.</strong></span> 
     </span>
     <span class='ocr_line' id='line_1_37' title="bbox 262 4523 1025 4606; baseline -0.014 -11"><span class='ocrx_word' id='word_1_275' title='bbox 262 4529 349 4594; x_wconf 83' lang='lat' dir='ltr'><strong>Mittit</strong></span> <span class='ocrx_word' id='word_1_276' title='bbox 363 4533 588 4590; x_wconf 74' lang='lat' dir='ltr'><strong>enarrationem</strong></span> <span class='ocrx_word' id='word_1_277' title='bbox 605 4526 833 4606; x_wconf 81' lang='lat' dir='ltr'><strong>proverbiorum</strong></span> <span class='ocrx_word' id='word_1_278' title='bbox 845 4523 1025 4590; x_wconf 69' lang='lat' dir='ltr'><strong>Salomone.</strong></span> 
     </span>
     <span class='ocr_line' id='line_1_38' title="bbox 183 4635 1846 4726; baseline -0.004 -15"><span class='ocrx_word' id='word_1_279' title='bbox 183 4649 232 4712; x_wconf 77' lang='lat'><strong>28.</strong></span> <span class='ocrx_word' id='word_1_280' title='bbox 257 4645 383 4710; x_wconf 86' lang='lat' dir='ltr'><strong>Ioannes</strong></span> <span class='ocrx_word' id='word_1_281' title='bbox 397 4645 520 4724; x_wconf 83' lang='lat' dir='ltr'><strong>Petrus,</strong></span> <span class='ocrx_word' id='word_1_282' title='bbox 545 4641 763 4726; x_wconf 84' lang='lat' dir='ltr'><strong>Neapolitanus</strong></span> <span class='ocrx_word' id='word_1_283' title='bbox 776 4665 815 4704; x_wconf 81' lang='lat' dir='ltr'><strong>ex</strong></span> <span class='ocrx_word' id='word_1_284' title='bbox 830 4639 974 4706; x_wconf 71' lang='lat' dir='ltr'><strong>Coralliba</strong></span> <span class='ocrx_word' id='word_1_285' title='bbox 987 4641 1103 4702; x_wconf 80' lang='lat' dir='ltr'><strong>tiamilia</strong></span> <span class='ocrx_word' id='word_1_286' title='bbox 1118 4635 1201 4720; x_wconf 86' lang='lat' dir='ltr'><strong>Papa</strong></span> <span class='ocrx_word' id='word_1_287' title='bbox 1215 4641 1349 4720; x_wconf 81' lang='lat' dir='ltr'><strong>eligitur,</strong></span> <span class='ocrx_word' id='word_1_288' title='bbox 1375 4643 1428 4719; x_wconf 89' lang='lat' dir='ltr'><strong>qoi</strong></span> <span class='ocrx_word' id='word_1_289' title='bbox 1447 4660 1477 4702; x_wconf 77' lang='lat' dir='ltr'><strong>aa</strong></span> <span class='ocrx_word' id='word_1_290' title='bbox 1495 4643 1626 4721; x_wconf 87' lang='lat' dir='ltr'><strong>appellat</strong></span> <span class='ocrx_word' id='word_1_291' title='bbox 1647 4637 1774 4708; x_wconf 80' lang='lat' dir='ltr'><strong>Paulum</strong></span> <span class='ocrx_word' id='word_1_292' title='bbox 1788 4637 1846 4704; x_wconf 87' lang='lat' dir='ltr'><strong>lv.</strong></span> 
     </span>
     <span class='ocr_line' id='line_1_39' title="bbox 204 4871 1432 4961; baseline -0.002 -18"><span class='ocrx_word' id='word_1_293' title='bbox 204 4889 231 4948; x_wconf 84' lang='lat'><strong>1.</strong></span> <span class='ocrx_word' id='word_1_294' title='bbox 257 4877 426 4942; x_wconf 84' lang='lat' dir='ltr'><strong>Hubarturn</strong></span> <span class='ocrx_word' id='word_1_295' title='bbox 439 4877 646 4958; x_wconf 59' lang='lat' dir='ltr'><strong>haganum,</strong></span> <span class='ocrx_word' id='word_1_296' title='bbox 671 4883 704 4941; x_wconf 91' lang='lat' dir='ltr'><strong>in</strong></span> <span class='ocrx_word' id='word_1_297' title='bbox 717 4874 835 4941; x_wconf 83' lang='lat' dir='ltr'><strong>ltaliam</strong></span> <span class='ocrx_word' id='word_1_298' title='bbox 851 4879 1077 4961; x_wconf 59' lang='lat' dir='ltr'><strong>probaturum,</strong></span> <span class='ocrx_word' id='word_1_299' title='bbox 1100 4875 1291 4940; x_wconf 70' lang='lat' dir='ltr'><strong>commendat</strong></span> <span class='ocrx_word' id='word_1_300' title='bbox 1302 4871 1432 4940; x_wconf 78' lang='lat' dir='ltr'><strong>Belloio.</strong></span> 
     </span>
    </p>
   </div>
   <div class='ocr_carea' id='block_1_11' title="bbox 204 4985 2158 5078">
    <p class='ocr_par' dir='ltr' id='par_1_11' title="bbox 204 4985 2158 5078">
     <span class='ocr_line' id='line_1_40' title="bbox 204 4985 2158 5078; baseline -0.009 -19"><span class='ocrx_word' id='word_1_301' title='bbox 204 5005 230 5067; x_wconf 76' lang='grc'><strong>3.</strong></span> <span class='ocrx_word' id='word_1_302' title='bbox 257 4993 415 5060; x_wconf 82' lang='lat' dir='ltr'><strong>Studioaus</strong></span> <span class='ocrx_word' id='word_1_303' title='bbox 428 5021 468 5062; x_wconf 83' lang='lat' dir='ltr'><strong>ex</strong></span> <span class='ocrx_word' id='word_1_304' title='bbox 481 4995 610 5061; x_wconf 89' lang='lat' dir='ltr'><strong>Polouia</strong></span> <span class='ocrx_word' id='word_1_305' title='bbox 624 5009 718 5058; x_wconf 82' lang='lat' dir='ltr'><strong>noctu</strong></span> <span class='ocrx_word' id='word_1_306' title='bbox 733 4997 832 5078; x_wconf 81' lang='lat' dir='ltr'><strong>gladio</strong></span> <span class='ocrx_word' id='word_1_307' title='bbox 847 5002 995 5078; x_wconf 83' lang='lat' dir='ltr'><strong>impetum</strong></span> <span class='ocrx_word' id='word_1_308' title='bbox 1016 4995 1090 5055; x_wconf 84' lang='lat' dir='ltr'><strong>l&#39;acit</strong></span> <span class='ocrx_word' id='word_1_309' title='bbox 1107 4999 1140 5054; x_wconf 89' lang='lat' dir='ltr'><strong>in</strong></span> <span class='ocrx_word' id='word_1_310' title='bbox 1153 4991 1392 5057; x_wconf 84' lang='lat' dir='ltr'><strong>Melanthooarn.</strong></span> <span class='ocrx_word' id='word_1_311' title='bbox 1444 4987 1516 5074; x_wconf 75' lang='lat' dir='ltr'><strong>Qm</strong></span> <span class='ocrx_word' id='word_1_312' title='bbox 1531 4995 1569 5058; x_wconf 87' lang='lat' dir='ltr'><strong>da</strong></span> <span class='ocrx_word' id='word_1_313' title='bbox 1592 5017 1623 5056; x_wconf 86' lang='lat' dir='ltr'><strong>ra</strong></span> <span class='ocrx_word' id='word_1_314' title='bbox 1639 4988 1768 5060; x_wconf 67' lang='lat' dir='ltr'><strong>loram</strong></span> <span class='ocrx_word' id='word_1_315' title='bbox 1779 4988 1923 5074; x_wconf 73' lang='lat' dir='ltr'><strong>Stigalina</strong></span> <span class='ocrx_word' id='word_1_316' title='bbox 1948 4990 2022 5054; x_wconf 82' lang='lat' dir='ltr'><strong>baro</strong></span> <span class='ocrx_word' id='word_1_317' title='bbox 2040 4985 2158 5058; x_wconf 72' lang='lat' dir='ltr'><strong>euoluit,</strong></span> 
     </span>
    </p>
   </div>
   <div class='ocr_carea' id='block_1_12' title="bbox 306 5091 1517 5524">
    <p class='ocr_par' dir='ltr' id='par_1_12' title="bbox 306 5091 1517 5524">
     <span class='ocr_line' id='line_1_41' title="bbox 306 5091 1517 5184; baseline -0.005 -22"><span class='ocrx_word' id='word_1_318' title='bbox 306 5121 383 5184; x_wconf 71' lang='lat' dir='ltr'><strong>qnos</strong></span> <span class='ocrx_word' id='word_1_319' title='bbox 397 5105 535 5183; x_wconf 85' lang='lat' dir='ltr'><strong>leguntur</strong></span> <span class='ocrx_word' id='word_1_320' title='bbox 550 5107 582 5163; x_wconf 87' lang='lat' dir='ltr'><strong>in</strong></span> <span class='ocrx_word' id='word_1_321' title='bbox 597 5098 725 5182; x_wconf 76' lang='lat' dir='ltr'><strong>Scriptis</strong></span> <span class='ocrx_word' id='word_1_322' title='bbox 742 5102 855 5180; x_wconf 88' lang='lat' dir='ltr'><strong>publio.</strong></span> <span class='ocrx_word' id='word_1_323' title='bbox 871 5099 966 5160; x_wconf 78' lang='lat' dir='ltr'><strong>Aoad.</strong></span> <span class='ocrx_word' id='word_1_324' title='bbox 982 5095 1156 5178; x_wconf 63' lang='lat' dir='ltr'><strong>Wittbttffl</strong></span> <span class='ocrx_word' id='word_1_325' title='bbox 1171 5094 1264 5170; x_wconf 64' lang='lat' dir='ltr'><strong>from.</strong></span> <span class='ocrx_word' id='word_1_326' title='bbox 1279 5091 1321 5167; x_wconf 79' lang='grc' dir='ltr'><strong>Π.</strong></span> <span class='ocrx_word' id='word_1_327' title='bbox 1341 5099 1387 5163; x_wconf 82' lang='lat' dir='ltr'><strong>lit.</strong></span> <span class='ocrx_word' id='word_1_328' title='bbox 1406 5091 1446 5176; x_wconf 82' lang='lat' dir='ltr'><strong>Q.</strong></span> <span class='ocrx_word' id='word_1_329' title='bbox 1466 5102 1517 5164; x_wconf 77' lang='lat'><strong>8.:</strong></span> 
     </span>
     <span class='ocr_line' id='line_1_42' title="bbox 555 5204 1405 5288; baseline -0.008 -26"><span class='ocrx_word' id='word_1_330' title='bbox 555 5280 559 5288; x_wconf 85' lang='lat'><strong>.</strong></span> <span class='ocrx_word' id='word_1_331' title='bbox 695 5211 833 5284; x_wconf 70' lang='lat' dir='ltr'><strong>..Aspara</strong></span> <span class='ocrx_word' id='word_1_332' title='bbox 850 5213 983 5267; x_wconf 75' lang='lat' dir='ltr'><strong>nocturno</strong></span> <span class='ocrx_word' id='word_1_333' title='bbox 1000 5207 1065 5260; x_wconf 80' lang='lat' dir='ltr'><strong>oon</strong></span> <span class='ocrx_word' id='word_1_334' title='bbox 1083 5207 1177 5258; x_wconf 82' lang='lat' dir='ltr'><strong>tarrat</strong></span> <span class='ocrx_word' id='word_1_335' title='bbox 1193 5204 1255 5256; x_wconf 82' lang='lat' dir='ltr'><strong>rixa</strong></span> <span class='ocrx_word' id='word_1_336' title='bbox 1271 5205 1405 5276; x_wconf 82' lang='lat' dir='ltr'><strong>tunultu,</strong></span> 
     </span>
     <span class='ocr_line' id='line_1_43' title="bbox 775 5289 1401 5356; baseline -0.003 -14"><span class='ocrx_word' id='word_1_337' title='bbox 775 5292 916 5356; x_wconf 82' lang='lat' dir='ltr'><strong>impioque</strong></span> <span class='ocrx_word' id='word_1_338' title='bbox 933 5291 1065 5343; x_wconf 75' lang='lat' dir='ltr'><strong>effraenis</strong></span> <span class='ocrx_word' id='word_1_339' title='bbox 1083 5291 1203 5344; x_wconf 84' lang='lat' dir='ltr'><strong>oonoltat</strong></span> <span class='ocrx_word' id='word_1_340' title='bbox 1219 5301 1299 5341; x_wconf 78' lang='lat' dir='ltr'><strong>arna</strong></span> <span class='ocrx_word' id='word_1_341' title='bbox 1315 5289 1401 5352; x_wconf 79' lang='lat' dir='ltr'><strong>furor,</strong></span> 
     </span>
     <span class='ocr_line' id='line_1_44' title="bbox 699 5375 1440 5442; baseline -0.003 -14"><span class='ocrx_word' id='word_1_342' title='bbox 699 5375 818 5442; x_wconf 71' lang='lat' dir='ltr'><strong>Agraina</strong></span> <span class='ocrx_word' id='word_1_343' title='bbox 835 5391 885 5440; x_wconf 82' lang='lat' dir='ltr'><strong>pro</strong></span> <span class='ocrx_word' id='word_1_344' title='bbox 902 5377 997 5440; x_wconf 71' lang='lat' dir='ltr'><strong>plorat</strong></span> <span class='ocrx_word' id='word_1_345' title='bbox 1014 5377 1111 5428; x_wconf 86' lang='lat' dir='ltr'><strong>solitus</strong></span> <span class='ocrx_word' id='word_1_346' title='bbox 1128 5375 1250 5441; x_wconf 71' lang='lat' dir='ltr'><strong>vtguara</strong></span> <span class='ocrx_word' id='word_1_347' title='bbox 1268 5375 1440 5428; x_wconf 65' lang='lat' dir='ltr'><strong>Melanthos</strong></span> 
     </span>
     <span class='ocr_line' id='line_1_45' title="bbox 769 5459 1384 5524; baseline -0.005 -10"><span class='ocrx_word' id='word_1_348' title='bbox 769 5459 937 5514; x_wconf 64' lang='lat' dir='ltr'><strong>mamus</strong></span> <span class='ocrx_word' id='word_1_349' title='bbox 949 5461 1061 5514; x_wconf 72' lang='lat' dir='ltr'><strong>noultls</strong></span> <span class='ocrx_word' id='word_1_350' title='bbox 1079 5462 1163 5518; x_wconf 77' lang='lat' dir='ltr'><strong>triste</strong></span> <span class='ocrx_word' id='word_1_351' title='bbox 1180 5459 1290 5514; x_wconf 78' lang='lat' dir='ltr'><strong>turult</strong></span> <span class='ocrx_word' id='word_1_352' title='bbox 1306 5469 1384 5524; x_wconf 71' lang='lat' dir='ltr'><strong>opus.</strong></span> 
     </span>
    </p>
   </div>
   <div class='ocr_carea' id='block_1_13' title="bbox 0 0 2364 6164">
    <p class='ocr_par' dir='ltr' id='par_1_13' title="bbox 0 0 2364 6164">
     <span class='ocr_line' id='line_1_46' title="bbox 0 0 2364 6164; baseline 0 0"><span class='ocrx_word' id='word_1_353' title='bbox 0 0 2364 6164; x_wconf 95' lang='lat' dir='ltr'><strong> </strong></span> 
     </span>
    </p>
   </div>
  </div>
 </body>
</html>
