4814 6172
136 243 220 318 297

149 412 220 488 No.
236 411 351 490 5612.
709 485 711 489 ,
807 417 1138 501 ermenmarus.)

143 511 362 550 m
819 515 1136 582 m

477 595 544 682 Io.
578 596 790 715 Stipetio.

208 763 300 820 nane.
313 761 418 836 eppei
433 757 528 832 stiget.
544 777 587 833 ep.
596 757 640 813 79.
677 759 747 817 cot.
762 757 848 818 Goth.
863 759 922 820 tte.
938 779 979 835 ep.
991 762 1050 820 tte.

144 915 368 996 Clarissimo
392 919 486 1006 viro,
519 917 683 1013 ingenio,
716 913 921 990 eruditione
949 929 982 990 et
1007 920 1137 992 virtute

139 1021 367 1124 praestanti,
405 1017 461 1096 D.
486 1015 668 1090 Ioanni
691 1017 921 1118 Stigeiio,
953 1028 1009 1121 τῷ
1042 1025 1134 1120 Θεῷ,

137 1124 202 1202 καὶ
227 1128 310 1208 ταῖς
333 1117 530 1211 Μούσαις,
548 1117 746 1300 wwsst‘ii
773 1123 902 1224 fratri
924 1149 994 1198 suo
1018 1126 1135 1198 earis-

516 1249 631 1308 srmo,
684 1274 694 1297 .
744 1279 754 1301 .

132 1355 299 1440 Ductiss.
316 1363 374 1431 vir
389 1373 424 1448 et
442 1361 558 1432 cariss.
573 1361 694 1438 frater.
745 1361 828 1432 Non
843 1365 872 1432 si
895 1375 1033 1436 tautum
1050 1365 1134 1434 iun-

133 1471 221 1540 dere
236 1467 473 1559 lacrymarum
487 1479 644 1558 possem,
670 1479 846 1559 quantum
863 1468 1041 1537 undarum
1056 1467 1134 1536 vol-

132 1571 187 1640 vit
202 1563 264 1637 hic
281 1565 364 1638 Sala
380 1579 511 1650 vester,
538 1567 643 1636 dolor
660 1591 756 1637 meus
772 1567 878 1636 leniri
900 1583 1036 1660 posset,
1062 1593 1132 1662 quo

131 1670 284 1744 adficior
308 1667 451 1738 intuens
475 1663 567 1740 hanc
588 1669 702 1760 ripam
720 1667 823 1740 Saloe
847 1683 881 1741 et
905 1672 1062 1761 cogitans
1083 1695 1133 1756 ea,

133 1797 228 1870 quae
241 1769 469 1855 acciderunt,
494 1785 529 1842 et
544 1795 665 1842 causas
680 1795 822 1858 corum,
844 1786 1030 1868 postquam
1045 1773 1131 1842 olim

133 1893 274 1960 tecum,
300 1885 336 1942 ct
352 1897 433 1942 cum
447 1873 525 1941 aliis
541 1873 682 1958 amicis,
707 1897 796 1966 quos
819 1869 933 1944 adhuc
948 1899 1031 1945 vere
1048 1875 1132 1944 dili-

138 2003 203 2070 go,
229 1977 268 2046 in
285 1970 349 2045 hac
365 1975 443 2066 ripa
459 1975 666 2046 suavissime
683 1975 766 2048 vixi.
816 1973 889 2045 Nec
908 1977 1024 2048 solum
1042 1993 1132 2050 tem-

142 2101 211 2170 pus
230 2101 285 2147 res
305 2073 477 2147 humanas
500 2089 631 2162 mutat,
664 2087 705 2148 ut
726 2076 764 2146 in
791 2100 894 2148 versu
917 2075 1129 2148 Nazianzeni

148 2179 296 2248 dicitur:
808 2179 812 2188 '

238 2300 335 2374 utne
350 2303 468 2396 χρόνος
488 2317 646 2376 neoooiou
667 2304 763 2392 ὁμοία
783 2306 858 2398 τῇδε
879 2312 1021 2396 sonata,

140 2430 202 2502 sed
228 2443 348 2501 nostra
380 2429 499 2522 potius
530 2431 677 2517 delicta,
719 2455 810 2525 quae
842 2434 1028 2525 deplorare
1054 2455 1128 2502 non

135 2555 245 2606 cesso.
296 2531 370 2602 Nec
383 2533 489 2602 multi
505 2539 604 2618 sunt,
630 2556 712 2603 cum
729 2533 859 2626 quibus
875 2536 1033 2631 colloqui
1048 2535 1129 2606 licet

133 2637 178 2706 de
202 2629 260 2704 his
283 2633 370 2726 ipsis
391 2635 506 2708 malis.
556 2633 628 2706 sed
653 2636 808 2726 reprimo
836 2661 904 2706 me.
956 2638 998 2709 Si
1021 2634 1128 2708 hodie

133 2733 250 2808 Saevi
270 2760 346 2820 non
373 2736 537 2820 venient,
562 2749 604 2807 ut
624 2738 835 2818 ratiocinor,
863 2763 937 2808 nou
959 2753 1127 2810 venturos

131 2863 227 2926 esse,
252 2861 331 2910 cras
346 2831 449 2923 hinc,
474 2833 550 2908 Deo
566 2839 729 2924 iuvante,
753 2840 985 2916 discedemus.
1024 2838 1127 2910 Ami-

135 2944 254 3014 citiam
274 2963 360 3010 vero
377 2955 535 3012 nostram
552 2942 635 3010 volo
651 2955 857 3033 perpetuam
874 2965 967 3028 esse,
992 2967 1062 3036 qua
1087 2941 1125 3010 in

134 3043 277 3116 coelesti
296 3042 551 3112 cousuetudine
572 3043 742 3115 fruemur.
794 3039 843 3112 Et
865 3057 983 3114 tamen
1004 3046 1042 3113 in
1062 3037 1127 3112 hac

134 3148 205 3220 cita
221 3147 331 3217 etiam
344 3157 459 3235 potest
473 3141 627 3236 Reipub.
645 3169 785 3229 corum,
806 3145 868 3240 qui
886 3147 1028 3230 docent,
1054 3167 1127 3214 esse

132 3247 354 3320 coniunctio.
405 3243 460 3318 De
481 3247 698 3335 gravissimis
719 3247 1022 3338 disputationibus
1046 3271 1127 3317 cum

132 3351 210 3422 ciro
228 3347 435 3420 doctissimo
456 3361 491 3417 et
505 3349 640 3440 optimo
658 3345 702 3420 D.
719 3343 880 3446 Sneppio
895 3345 923 3445 ¹)
945 3351 1128 3444 colloquar

130 3453 349 3548 aliquando,
374 3450 510 3520 etiamsi
531 3475 627 3522 nunc
643 3447 715 3522 huc
735 3477 809 3522 non
825 3452 971 3528 accedit.
1023 3451 1128 3525 Salu-

132 3569 203 3628 tem
218 3555 290 3648 ipsi
305 3567 341 3624 et
355 3552 478 3622 ceteris
495 3554 658 3643 collegis,
683 3567 718 3625 et
730 3555 832 3625 vobis
850 3551 1017 3626 omnibus
1032 3567 1129 3647 opto.

132 3655 232 3730 Bene
249 3669 285 3730 et
299 3655 448 3728 feliciter
460 3655 557 3743 vale,
583 3659 641 3726 die
653 3657 716 3731 20.
732 3655 823 3728 Maii
842 3655 883 3751 ²).
934 3655 1129 3749 Naoburgi.

646 3755 837 3852 Philippus
851 3755 1079 3834 Melanthon.

135 3971 206 3984 β..
316 3969 338 3976 .-
357 3969 412 3978 auu-
951 3969 977 3978 a-
990 3967 1127 3980 ——ffl

438 4263 507 4354 Io.
540 4265 824 4352 Morbocttio.

206 4423 284 4486 Edita
305 4429 335 4484 in
353 4427 399 4484 Ic.
418 4425 528 4482 Feetttii
542 4425 637 4482 histor.
655 4426 754 4484 eccles.
770 4443 825 4484 sec.
837 4425 911 4484 xvt.
928 4426 1018 4502 suppl.
1035 4443 1062 4500 p.
1075 4425 1120 4484 89.

134 4580 238 4660 tot.
262 4581 319 4658 M
325 4577 580 4666 orboehio,
607 4581 752 4656 docenti
771 4579 922 4684 Eoong.
946 4585 986 4658 in
1003 4581 1131 4658 Eccle-

6 4688 13 4726 ·’
517 4684 579 4758 sto
595 4691 748 4782 Argent.

135 4807 183 4894 S.
210 4819 259 4894 D.
299 4821 510 4894 Reverende
526 4820 582 4888 vir
596 4833 629 4890 et
646 4821 824 4894 carissime
839 4824 959 4896 scater.
1001 4819 1130 4894 Fatum

133 4919 204 4996 hoc
232 4935 286 4994 est
317 4937 492 4995 extremae
525 4933 686 4992 senectae
718 4923 864 5010 mundi,
893 4935 1132 5020 quopropter

166 5139 196 5204 t)
216 5131 308 5187 Daue.
326 5131 494 5198 Sebaeppto·

165 5221 198 5292 ί)
217 5219 283 5274 Nou
295 5217 322 5272 d.
337 5219 380 5274 ΞΟ.
394 5217 463 5274 stati
482 5219 581 5290 ecrtpts
601 5235 658 5274 esre
679 5225 768 5288 potest
804 5233 890 5288 quon
907 5235 940 5272 eo
958 5217 1004 5274 dle
1018 5215 1129 5274 Melen-

203 5289 272 5344 tbcu
288 5287 496 5356 Nrumburgum
512 5285 632 5352 venerit,
650 5287 698 5342 sed
717 5287 746 5342 in
788 5305 821 5340 ne
843 5285 1002 5342 Conventus
1022 5286 1129 5342 Naum-

202 5357 357 5428 ltorgeosis.
394 5353 465 5408 Poto
479 5355 562 5428 igitur
574 5356 601 5410 iu
621 5374 738 5412 orsmaro
750 5357 794 5414 20.
814 5355 948 5412 mendum
965 5354 1127 5432 typographi

203 5445 263 5482 esse
280 5423 483 5497 quomdam
498 5435 525 5482 ct
542 5423 734 5480 scribendum
749 5427 793 5482 28.
807 5423 884 5480 steti.

705 235 1146 328 EPISTOLARUM
1198 235 1307 316 LlB.
1334 236 1417 312 llll.
1471 239 1603 318 1554.
1870 265 1879 323 ,r

2111 245 2186 320 298

1189 423 1308 480 vetera
1323 424 1357 481 et
1377 412 1529 482 recentia
1557 434 1681 502 magna
1706 412 1835 483 scelera
1857 413 1993 486 ‹luciter
2015 439 2188 510 quassan-

1188 524 1249 582 tur
1272 525 1307 582 et
1330 513 1477 604 imperia
1498 528 1531 584 et
1554 511 1746 586 Ecclesiae.
1807 513 1879 586 Nec
1901 529 2037 588 tantum
2066 519 2184 588 rabies

1187 613 1473 686 adversariorum
1499 629 1702 685 nostrorum
1736 630 1770 686 et
1793 619 1988 708 petulantia
2019 619 2183 710 ingenio·

1186 737 1285 799 rum,
1319 719 1510 788 sedetiam
1538 713 1691 788 αὐλικαὶ·
1715 712 2076 817 πολυπραγμοσύναι
2105 735 2183 792 tur-

1185 815 1271 886 bant
1287 813 1474 892 Ecclesiae.
1527 818 1740 890 Indicuntur
1756 821 1894 914 Synodi
1910 823 1987 892 sine
2005 824 2180 912 guberua-

1185 931 1273 990 tore.
1324 915 1509 991 Hassiuei
1529 917 1598 991 buc
1619 935 1816 1008 venerunt,
1840 935 1874 993 ct
1896 920 2013 994 isthuc
2029 919 2181 994 Steido-
2302 989 2310 1002 ,

1185 1043 1256 1088 nus
1272 1036 1410 1113 practer
1427 1019 1491 1092 hos
1509 1037 1542 1094 et
1557 1048 1614 1094 me
1636 1039 1669 1092 ct
1689 1047 1787 1094 meos
1815 1025 1966 1116 collegas
1988 1049 2094 1098 nemo
2115 1028 2179 1096 ad·-

1183 1122 1262 1196 tuit.
1313 1121 1418 1194 Nunc
1433 1127 1540 1194 audio
1563 1125 1683 1196 moliri
1700 1127 1890 1220 quosdam,
1915 1141 1957 1198 ut
1980 1128 2049 1197 alia
2071 1123 2179 1224 syno-

1183 1225 1250 1293 dus
1266 1223 1455 1301 indicatur.
1493 1226 1636 1298 Utinam
1654 1228 1829 1320 principes
1842 1228 2009 1300 audirent
2029 1229 2178 1302 meliora

1183 1326 1342 1402 consilia.
1395 1325 1449 1399 Te
1463 1353 1568 1420 rogo,
1590 1343 1630 1399 ut
1645 1325 1731 1398 mihi
1747 1354 1853 1422 quam
1871 1330 2025 1422 primum
2043 1331 2176 1402 scribas

1184 1441 1283 1498 tuum
1316 1429 1487 1501 iudicium
1523 1432 1567 1500 de
1599 1425 1667 1501 hoc
1696 1445 1818 1502 nostro
1851 1433 1953 1502 brevi
1983 1431 2175 1527 colloquio.

1182 1527 1316 1622 Scripsi
1337 1533 1433 1602 enim
1452 1533 1714 1619 narrationem,
1739 1547 1781 1604 ut
1802 1533 1931 1604 reterre
1953 1535 2090 1628 aliquid
2106 1533 2177 1606 Lc-

1181 1631 1253 1720 gati
1286 1635 1359 1704 suis
1394 1648 1547 1726 possent.
1598 1631 1647 1705 Et
1680 1658 1882 1730 quanquam
1916 1635 2175 1730 simplicissime

1181 1734 1301 1804 omnia
1317 1736 1446 1828 scripta
1460 1751 1563 1823 sunt,
1586 1750 1706 1808 tamen
1722 1737 1916 1808 calumnias
1931 1751 2061 1815 metuo.
2100 1735 2175 1810 Ve-

1181 1849 1273 1906 strae
1287 1834 1465 1908 Ecclesiae
1477 1855 1510 1909 ct
1525 1841 1607 1910 trrbi
1629 1839 1923 1934 tranquillitatem
1937 1854 2033 1930 opto,
2058 1853 2096 1910 ct
2108 1863 2172 1910 oro

1180 1937 1294 2008 filium
1316 1937 1402 2026 Dei,
1428 1955 1468 2012 ut
1494 1966 1558 2010 vos
1580 1955 1613 2011 et
1637 1963 1703 2009 nos
1724 1942 1908 2030 gubernet.
1958 1937 2037 2012 Oro
2057 1941 2187 2027 etiam,
2279 2015 2284 2028 ,

1180 2053 1221 2110 ut
1243 2041 1360 2110 exules
1376 2037 1543 2136 Augias,
1569 2055 1603 2112 et
1618 2033 1767 2110 Pe'trum
1784 2037 1996 2140 Martyrem
2015 2057 2175 2115 amenter

1181 2142 1424 2234 complectaris
1438 2141 1485 2241 *).
1535 2141 1609 2238 ipsi
1625 2144 1730 2214 etiam
1745 2146 1873 2238 scripsi
1887 2159 1923 2216 ct
1944 2171 2024 2218 cum
2040 2139 2174 2233 adhor-

1179 2258 1237 2314 tor
1270 2247 1317 2316 ad
1351 2250 1520 2318 tuendam
1554 2243 1734 2316 Ecclesiae
1765 2259 1901 2318 vestrae
1935 2245 2175 2322 concoidiam.

1178 2344 1277 2418 Bene
1296 2348 1383 2426 vale.
1434 2347 1504 2420 Dic
1528 2347 1591 2424 29.
1613 2347 1714 2422 Maii.

1670 2487 1672 2490 -
1920 2446 2122 2546 Philippus.

1492 2675 1788 2688 *m

1999 2787 2159 2895 'rauna

1995 2913 2169 2946 Μ

1176 2819 1242 2890 Νο.
1257 2813 1373 2893 5614.

1182 2914 1355 2944 Μ

1362 2991 1364 2998 “
1482 3003 1620 3090 Heus.
1652 3004 1863 3092 Mottero.

1245 3182 1266 3246 †
1284 3178 1322 3232 Ex
1335 3197 1429 3254 sporn
1439 3178 1468 3234 io
1482 3179 1545 3242 eod.
1556 3179 1644 3237 Paris.
1661 3179 1698 3236 D.
1713 3181 1744 3236 tr.
1757 3179 1817 3234 54³.
1895 3180 1899 3188 “

1208 3329 1355 3408 Virtute
1386 3345 1418 3406 et
1447 3331 1649 3408 eruditione
1682 3333 1907 3434 praestanti,
1947 3327 2146 3430 Magistro

1205 3435 1412 3510 Hearieo
1444 3435 1988 3559 Molleronfllomburgeusi,
2021 3435 2150 3539 srotri

1546 3567 1577 3614 s.
1599 3565 1804 3614 carissimo.

1182 3675 1230 3766 S.
1249 3690 1295 3768 D.
1345 3689 1534 3764 Carissimo
1549 3689 1717 3769 Hinricc.
1768 3693 1896 3765 Fatum
1909 3685 1978 3764 boc
1995 3705 2173 3764 estextre-

1182 3817 1259 3864 mae
1283 3807 1441 3866 senectae
1463 3797 1609 3876 mundi,
1633 3797 1729 3888 quod
1754 3809 1897 3887 proptor
1921 3795 2031 3866 multa
2055 3806 2173 3864 vetera

1183 3907 1218 3964 et
1237 3897 1390 3966 recentia
1414 3919 1541 3984 magna
1567 3898 1695 3966 scelera
1720 3891 1941 3966 horribiliter
1961 3910 2174 3989 quassantur

1183 4009 1218 4066 et
1231 3995 1381 4089 imperia
1397 4010 1432 4066 et
1447 3993 1644 4082 Ecclesiae,
1669 4010 1711 4068 ut
1725 3999 1880 4068 vidimus
1903 3999 2041 4092 aliquot
2057 4020 2172 4066 anno-

1182 4121 1263 4168 rum
1278 4097 1472 4184 tumultus,
1498 4109 1531 4168 et
1547 4099 1647 4192 quasi
1671 4101 1813 4192 euripos
1833 4101 1944 4169 'miras
1959 4097 2173 4170 vicissitudi-

1183 4219 1257 4268 nes.
1289 4197 1413 4292 ltaque
1428 4213 1463 4270 et
1477 4201 1724 4270 confirmemus
1740 4202 1890 4286 animos,
1915 4215 1955 4272 ut
1969 4201 2060 4270 terre
2075 4223 2173 4270 com-

1183 4323 1308 4370 munes
1323 4323 1509 4371 aerumnas
1527 4303 1723 4390 discamus,
1749 4317 1782 4374 et
1798 4317 1958 4394 petamus
1980 4325 2000 4371 a
2016 4300 2089 4370 lilio
2105 4297 2173 4369 Dei

1183 4402 1449 4492 mitigationem.
1504 4399 1560 4476 Dc
1581 4419 1643 4476 tuo
1663 4417 1762 4497 patre
1784 4427 1886 4496 saepe
1909 4403 1948 4472 in
1965 4399 2020 4472 his
2039 4399 2173 4492 patriae

1183 4515 1264 4574 tuae
1285 4505 1450 4596 periculis
1474 4506 1634 4596 cogitavi.
1682 4505 1756 4576 Nec
1780 4519 1917 4576 tantum
1948 4501 2172 4592 ingeniorum

1182 4605 1377 4698 petulantia
1402 4599 1472 4704 [et]
1496 4608 1611 4676 rabies
1635 4607 1933 4690 adversariorum,
1973 4605 2035 4674 sed
2067 4603 2172 4674 etiam

1183 4701 1396 4780 uindicaui
1423 4701 1782 4806 πολυπραγμοσύναι
1810 4705 1984 4776 Ecclesiae
2015 4707 2174 4780 turbant.

1182 4805 1257 4880 Cur
1271 4805 1330 4880 hic
1347 4825 1540 4880 conventus
1557 4811 1601 4879 ad
1619 4809 1737 4881 Salam
1757 4809 1910 4880 indictus
1928 4808 1989 4891 sit,
2016 4831 2061 4876 oe
2079 4833 2174 4878 nctnc

1183 4913 1327 5003 quidem
1350 4913 1434 4982 scio.
1482 4909 1599 4980 Hodie
1621 4911 1747 5000 igitur,
1772 4907 1848 4978 Deo
1866 4909 2029 4994 iuvante,
2060 4911 2176 4980 disce-

1183 5015 1283 5100 dam,
1316 5015 1362 5084 ad
1387 5036 1449 5084 vos
1471 5025 1564 5084 recta
1584 5013 1718 5092 iturus,
1752 5013 1848 5104 quod
1878 5011 2054 5082 indicabis
2076 5033 2174 5082 meae

1183 5177 1408 5196 ‘affl-

1214 5281 1244 5350 *l
1264 5281 1307 5362 De
1324 5277 1409 5332 Petro
1422 5277 1545 5399 ‘wlf'
1559 5275 1731 5401 Bprnardino
1744 5275 1871 5401 chqqqs,
1891 5279 1938 5350 qui
1952 5289 2065 5402 &ruptor
2077 5299 2172 5350 pene.

1249 5357 1879 5490 32:223.,‘t÷s⁰t.¹t.2÷¹tttl.tt⁰..aa:
1904 5359 1930 5403 “
1996 5359 2172 5420 “mmm‘'
