4782 6182
215 345 291 425 stt

219 511 460 612 expectatione
481 505 635 581 oliorum
658 515 830 577 motuum.
896 497 1001 574 Nunc
1024 497 1132 572 andio
1157 521 1218 572 eos

219 615 382 692 minitari
394 601 677 684 Rostacisionis.
729 603 770 677 Si
792 630 848 678 res
863 601 1090 676 Pannonicae
1104 603 1219 674 inice-

222 723 339 794 liciter
358 728 546 809 gerentur,
583 709 695 782 Turci
717 703 914 778 Boiemiam
937 717 1115 800 appetent.
1174 699 1223 776 Et

224 826 298 895 fata
324 833 458 890 metuo.
508 814 577 888 Sed
603 836 668 883 oro
688 808 823 881 Filium
850 809 944 897 Dei,
978 819 1020 881 ut
1041 829 1123 878 suas
1138 805 1224 878 reli-

227 923 329 1020 quias
345 931 515 1012 protegat.
571 911 669 984 Bene
688 923 725 983 et
739 911 913 982 foeliciter
928 911 1020 984 vale.
1070 904 1139 978 Die
1161 907 1225 979 de·

229 1028 322 1098 rimo
345 1017 581 1112 Septembris,
622 1039 694 1110 quo
720 1006 959 1110 lohannes')
984 1021 1149 1082 mortuus
1174 1019 1227 1079 est

230 1127 340 1199 Auno
357 1117 470 1194 1456.
518 1115 585 1192 Est
606 1116 716 1210 igitur
733 1116 945 1190 centesimus
960 1135 1076 1186 annus
1090 1113 1137 1184 ab
1151 1109 1227 1184 eius

231 1239 346 1299 ΜΕ
360 1217 434 1325 ”i
975 1311 1179 1412 Philippus.

234 1665 302 1737 No.
315 1661 430 1736 6072.

564 1853 622 1942 P.
657 1855 702 1938 V
697 1857 907 1941 temeratio.

304 2031 326 2094 τ
343 2023 381 2080 Ea
393 2038 489 2094 apogr.
500 2021 530 2078 io
542 2018 605 2078 cod.
618 2015 704 2074 Pacis.
721 2014 761 2074 D.
773 2017 807 2073 1..
819 2017 879 2074 54⁸.

241 2173 380 2252 Petro
411 2169 666 2246 Vincentio
688 2167 917 2266 gubernanti
940 2167 1133 2245 literarum
1155 2185 1236 2248 sta-

528 2267 594 2344 dia
616 2271 656 2344 in
677 2269 765 2344 orbe
786 2267 951 2352 Lubeca.

242 2398 292 2487 S.
316 2409 363 2486 D.
412 2403 618 2482 clarissime
633 2406 691 2476 vir
710 2421 745 2479 et
760 2407 939 2478 carissime
952 2401 1073 2484 fratei.
1124 2405 1237 2480 Graio

241 2509 363 2586 schola
380 2510 528 2582 nomine
544 2509 638 2580 diets
653 2519 726 2595 est,
758 2507 877 2603 inquit
894 2507 972 2593 ille,
1005 2511 1067 2580 sed
1082 2509 1238 2602 profecto

242 2617 369 2706 ingens
380 2625 417 2683 et
428 2612 533 2682 labor
555 2623 590 2682 et
607 2631 699 2682 onus
718 2623 770 2682 est
790 2605 992 2682 scholarum
1014 2611 1238 2701 gubernatio,

244 2717 342 2811 quod
357 2735 424 2784 nos
437 2711 649 2804 experimur.
701 2707 831 2801 Quare,
842 2725 944 2783 tuum
960 2711 1149 2784 consilium
1163 2735 1239 2784 non

242 2813 429 2910 improbo,
462 2813 492 2886 si
509 2837 550 2883 es
565 2813 627 2883 illa
642 2811 832 2906 palaestra,
860 2827 901 2884 ιιι
924 2807 1017 2884 nibil
1038 2815 1154 2886 dicam
1168 2816 1238 2885 du·

243 2917 340 3004 rius,
372 2915 537 2988 discedis.
588 2911 683 2987 Petit
704 2927 838 2986 vestrae
851 2909 993 2986 scholae
1008 2915 1239 3008 gubernatio-

242 3043 327 3092 nem
344 3011 514 3088 Andreas
534 3007 795 3099 Pannonius,
827 3017 889 3110 qui
912 3017 1113 3089 Marianam
1135 3015 1239 3089 scho-

242 3123 317 3193 lam
336 3121 426 3212 regit
453 3117 658 3209 Brusvigae.
715 3117 850 3212 Scripsi
874 3119 982 3210 igitur
996 3121 1041 3189 de
1054 3143 1096 3190 eo
1113 3121 1158 3191 ad
1172 3121 1239 3191 do-

244 3223 384 3294 minnm
398 3213 616 3292 Falconem,
668 3217 723 3290 Te
740 3243 883 3316 quoque
897 3245 981 3304 oro,
1005 3233 1045 3293 ut
1061 3233 1122 3293 tua
1139 3245 1239 3293 com-

244 3324 474 3396 mendatione
489 3322 689 3394 adiuvetur.
739 3317 916 3394 Existimo
930 3322 997 3394 tibi
1011 3334 1138 3394 notum
1154 3346 1240 3409 esse,

244 3427 412 3500 ucetiam
442 3422 518 3495 eius
549 3422 698 3515 epistola
719 3422 870 3509 indicat,
908 3445 1016 3518 quam
1037 3423 1105 3495 tibi
1124 3423 1240 3500 mitto.

244 3526 286 3598 Si
304 3529 350 3596 ad
366 3549 432 3597 uos
447 3525 608 3608 accedes,
640 3545 743 3614 spero
767 3523 1059 3595 cousuetudinem
1081 3538 1240 3597 nostram

243 3627 387 3722 utrique
403 3625 596 3696 iucundam
612 3623 701 3697 fore.
752 3621 827 3694 lam
846 3637 881 3696 et
894 3617 1094 3697 lithuano
1110 3617 1238 3723 Gony-

244 3749 324 3810 zae,
349 3742 385 3801 et
396 3719 585 3820 Progensi
599 3722 737 3820 Cynico
749 3739 784 3800 et
797 3721 958 3823 Illyrico
972 3727 1079 3799 simul
1091 3751 1240 3822 respon-

245 3831 350 3904 debe.
400 3825 500 3899 Bene
514 3825 590 3898 vale
607 3841 642 3900 et
659 3827 811 3899 rescribe
825 3844 887 3902 aut
902 3827 1042 3902 advola.
1091 3827 1239 3902 Duode-

244 3927 376 4026 cimo¹)
393 3927 632 4024 Septembris,
662 3953 735 4024 quo
756 3942 968 4003 autrannus
986 3931 1060 4004 100
1076 3945 1240 4004 mortuus

110 4109 116 4116 ,
244 4027 489 4106 cstiohannes
503 4027 689 4102 Huuiades
697 4029 737 4124 ¹),
763 4032 835 4104 dur
849 4031 1076 4121 fortissimus,
1098 4029 1240 4129 etEpa-

243 4133 446 4209 minondas.
476 4129 581 4204 Nunc
594 4131 720 4204 misere
732 4133 905 4208 laceratur
916 4131 1116 4212 Pannonia.
1142 4131 1240 4210 Deus

243 4249 407 4330 protegat
421 4257 487 4308 nos
507 4247 542 4306 et
559 4233 671 4306 leniat
687 4258 817 4328 poenas
835 4233 1032 4310 Pannoniis
1047 4251 1082 4309 et
1098 4239 1216 4314 nobis.

988 4333 1190 4434 Philippus.

242 4669 437 4798 Q.

1082 4687 1138 4751 16.
1154 4676 1239 4764 Sept.

1102 4773 1229 4806 Μ

552 4853 612 4942 11.
640 4851 934 4966 Battingcro.

309 5025 331 5083 'l'
349 5014 386 5070 ὓ
401 5029 496 5086 imr-
510 5009 715 5068 incoeperis.
732 5010 770 5066 D.
781 5009 812 5068 Ι..
828 5011 895 5068 54¹,

251 5179 439 5196 ...ι-ον·-

279 5269 309 5336 ⁸)
332 5267 478 5322 Huniades
495 5259 601 5316 addidit
619 5259 766 5331 Spsnltsm.

276 5358 319 5423 “l
336 5353 398 5412 Alis
416 5368 514 5408 manus
531 5347 691 5422 adscripsttr
717 5364 763 5405 so.
786 5348 861 5410 itii.

278 5445 305 5505 t)
324 5439 355 5492 la
368 5457 413 5510 ap.
427 5433 606 5492 antecedente
618 5432 652 5488 ad
668 5431 783 5503 Banmg.
799 5435 961 5490 nominetur
972 5433 1030 5490 diss
1045 5436 1088 5492 to.
1100 5434 1195 5510 Sapo.

274 5525 302 5592 2)
320 5522 448 5580 Mortuus
462 5518 489 5573 d.
505 5519 549 5570 tt.
564 5517 633 5590 Aug.
650 5517 726 5572 test.

779 323 1220 406 eotsrocauuu
1271 329 1379 413 ιιιι.
1422 329 1523 416 ιιι.
1573 330 1708 416 csso.

2192 335 2282 412 646

1275 505 1340 606 Τῷ
1380 499 1544 602 θεοσιβῇ
1586 499 1722 604 ἀνδρὶ,
1761 499 1917 606 'Eppixcp
1954 501 2207 612 Bovtsyys‘pop
2223 503 2285 603 ⁹),

1588 603 1743 710 ἀδελφῷ
1771 601 1950 710 φιλτάτῳ.

1276 737 1327 830 S·
1343 747 1390 827 D.
1403 749 1446 827 P.
1482 751 1695 828 Reverende
1714 755 1770 828 vir
1784 770 1819 828 et
1832 753 2010 828 carissime
2024 755 2147 830 frater.
2191 751 2287 827 sae-

1276 853 1420 950 pissime
1442 857 1552 928 recito
1574 857 1819 931 dulcissimum
1841 881 2001 942 venum,
2040 857 2079 924 in
2104 881 2183 950 quo
2211 883 2285 928 uu·

1277 956 1370 1028 meri
1391 971 1476 1030 sunt
1499 957 1616 1049 graeci
1638 974 1780 1056 poetae,
1808 960 1982 1032 sententia
2000 957 2182 1028 divinitus
2213 973 2287 1028 tra-

1279 1058 1353 1130 dita
1372 1071 1441 1131 est:
1474 1055 1659 1155 εὐσεβέων
1673 1055 1844 1136 παίδεσσι
1856 1055 1904 1134 τὰ
1918 1055 2032 1146 tota,
2057 1053 2288 1154 ooooesss'or

1279 1155 1318 1235 δ’
1344 1156 1402 1236 οὔ.
1452 1155 1546 1234 Com
1567 1162 1678 1252 igitur
1696 1178 1730 1236 et
1753 1177 1847 1236 recte
1868 1162 2010 1232 invoces
2022 1158 2140 1232 Deum
2158 1176 2201 1234 et
2212 1159 2287 1234 Ec·

1281 1261 1408 1334 clasiae
1425 1261 1484 1355 pie
1504 1265 1654 1351 servias,
1692 1279 1753 1338 toa
1780 1264 1916 1336 familia
1939 1263 2044 1336 etiem
2068 1259 2152 1334 Deo
2178 1289 2288 1336 curse

1282 1363 1362 1438 erit.
1420 1361 1536 1437 Filius
1557 1363 1741 1438 Hearicus
1762 1364 1832 1440 Dei
1855 1365 2028 1437 beneficio
2053 1378 2154 1438 recte
2179 1368 2288 1452 valet,

1284 1479 1319 1538 et
1331 1465 1370 1536 in
1385 1465 1531 1560 optimis
1544 1467 1788 1540 doctrinarum
1800 1467 1930 1540 studiis
1941 1465 2093 1538 feliciter
2106 1469 2286 1560 procedit,

1284 1589 1390 1664 quem
1415 1580 1456 1638 ut
1477 1583 1600 1642 servet
1616 1569 1713 1642 Deus
1734 1570 1967 1655 incolumem,
2001 1581 2037 1640 et
2060 1567 2173 1642 faciat
2201 1593 2284 1642 enm

1286 1659 1417 1750 σκεύιις
1438 1666 1559 1752 ἐλέους
1578 1683 1653 1742 toto
1673 1686 1815 1766 pectore
1836 1683 1935 1765 opto.
1984 1667 2129 1760 Cogitat
2142 1672 2189 1742 de
2201 1695 2283 1764 gra-

1286 1773 1357 1858 du,
1386 1771 1448 1842 sed
1471 1767 1565 1844 nibil
1584 1773 1655 1844 nisi
1676 1789 1711 1848 te
1730 1775 1875 1846 iubente
1897 1795 2001 1864 agere
2020 1795 2100 1842 eum
2122 1797 2160 1842 ea
2178 1775 2219 1859 in
2237 1799 2278 1844 ιιι

1286 1863 1465 1970 volui”).
1523 1872 1729 1970 Φοβοῦμαι
1749 1871 1825 1976 γὰρ
1854 1868 2039 1970 διαβολὰς
2058 1868 2151 1968 nepti
2174 1869 2271 1966 aipir

1286 1968 1326 2048 si
1355 1967 1420 2047 seni
1448 1971 1550 2072 παρὰ
1578 1971 1693 2072 ἡμῖν,
1727 1973 1793 2052 not
1824 1973 1973 2070 θέλοιμι
2002 1971 2053 2048 ἄν
2073 1969 2266 2070 διαρἑιὶὄην

1288 2072 1393 2174 αὐτῷ
1415 2097 1456 2148 as
1471 2069 1653 2177 γράφειν,
1685 2075 1725 2152 τί
1740 2099 1799 2154 σοι
1816 2073 1920 2152 δοκεῖ
1931 2074 2095 2175 πρέπειν.
2147 2077 2277 2148 liben-

1288 2191 1343 2250 ter
1365 2180 1410 2248 ad
1433 2191 1468 2250 te
1490 2179 1603 2254 multe
1619 2182 1827 2268 scriberem,
1853 2204 1918 2252 nec
1938 2179 2120 2274 impedior
2135 2204 2272 2272 occupa

1289 2279 1466 2366 tionibus,
1497 2281 1563 2354 etsi
1585 2305 1661 2354 non
1677 2283 1804 2357 leviter
1822 2293 1990 2354 oneratus
2011 2305 2106 2352 sum.
2168 2280 2271 2354 Sedet

1288 2405 1410 2452 rerum
1430 2393 1466 2452 et
1485 2384 1622 2454 doloris
1642 2385 1715 2458 mei
1728 2383 1938 2476 magnitudo
1959 2396 2057 2456 canta
2073 2397 2153 2468 est.
2179 2399 2219 2456 ut
2233 2383 2278 2454 io-

1289 2483 1435 2556 stituere
1451 2483 1519 2554 alia
1534 2501 1740 2576 argumenta
1753 2509 1829 2558 non
1844 2485 1988 2582 possim.
2038 2481 2115 2556 Sed
2130 2485 2282 2560 fortassis

1290 2583 1391 2654 brevi
1412 2583 1669 2680 colloquemur.
1723 2587 1815 2660 Nam
1847 2599 1883 2659 et
1905 2611 1969 2679 ego
1996 2585 2127 2674 exilia,
2166 2588 2282 2660 usitata

1290 2681 1488 2773 Ecclesiae,
1513 2701 1669 2780 expecto.
1717 2689 1877 2763 Salutem
1895 2703 1979 2782 opto
1995 2687 2102 2759 vobis
2119 2691 2282 2762 omnibus

1288 2811 1329 2874 ac
1354 2786 1565 2861 nominatim
1586 2782 1696 2862 Petro
1720 2787 1896 2886 Martyri
1918 2804 1955 2863 et
1974 2781 2132 2868 Laelio.
2195 2791 2280 2862 Bene

1291 2903 1325 2961 et
1338 2889 1488 2962 feliciter
1501 2891 1590 2964 vale.
1639 2891 1708 2968 Die
1726 2895 1783 2972 16.
1801 2891 1924 2988 Septb.
1944 2889 2054 2968 1⁵56.

1292 3259 1360 3338 No.
1374 3261 1490 3339 6074.

1303 3358 1477 3394 Ὧν.

2130 3267 2270 3392 rQ-

1626 3459 1683 3549 Β.
1711 3461 1943 3552 Heacclia.

1359 3619 1445 3696 epm
1462 3621 1510 3680 ιι..
1525 3620 1561 3680 ιι.
1576 3639 1606 3696 p.
1617 3621 1680 3678 aso.
1698 3623 1755 3693 <a
1772 3621 1863 3684 ross.
1879 3626 1928 3683 ns.
1946 3623 1985 3682 ιι.
2003 3643 2050 3697 a.
2061 3625 2159 3698 sse).

1371 3770 1429 3852 D.
1453 3767 1674 3848 Iohanni
1697 3771 1953 3876 Baptistae
1976 3774 2216 3891 Henaetio

1293 3908 1341 4002 S.
1366 3919 1413 4000 D.
1464 3921 1671 3998 Clarissima
1689 3927 1747 3998 vir
1767 3942 1802 3999 et
1823 3941 1974 4020 patrone
1990 3931 2170 4020 colende,
2202 3929 2290 4002 Scie-

1292 4029 1376 4098 bam
1398 4025 1467 4100 tibi
1488 4026 1559 4099 iam
1581 4030 1628 4098 ad
1651 4028 1741 4099 alios
1766 4029 1908 4101 dolores
1924 4031 2090 4104 accedere
2104 4032 2293 4126 cogitatio-

1292 4153 1376 4200 nem
1402 4144 1438 4200 et
1462 4152 1585 4200 curam
1606 4131 1651 4200 de
1676 4129 1780 4202 bellis
1803 4123 2053 4220 Pannonicis,
2092 4133 2139 4206 iu
2169 4135 2297 4232 quibos

1292 4230 1365 4301 nisi
1383 4229 1485 4302 Deus
1499 4223 1643 4324 Tarsos
1657 4233 1880 4324 represserit,
1910 4257 1986 4306 non
1999 4235 2166 4308 dubium
2188 4250 2243 4310 est
2263 4233 2296 4302 in

1293 4325 1537 4404 Germaniam
1550 4353 1774 4424 processuros
1791 4357 1876 4408 esse.
1928 4333 1999 4411 Sed
2021 4359 2225 4430 precemur
2244 4333 2300 4409 D-

1292 4433 1384 4506 lium
1417 4431 1486 4506 Dei
1515 4431 1713 4506 Dominum
1747 4449 1912 4510 nostrum
1941 4433 2058 4510 lesum
2091 4433 2303 4520 Christum.

1293 4535 1474 4608 custodem
1490 4529 1668 4606 Ecclesiae
1682 4559 1783 4624 suae,
1808 4551 1850 4610 ut
1870 4561 2003 4633 poenas
2015 4533 2213 4614 Ecclesiae
2239 4543 2302 4612 mi-

1292 4637 1390 4728 tiget.
1438 4633 1601 4709 Profecto
1618 4639 1713 4708 enim
1730 4653 1842 4712 ruunt
1862 4654 2017 4713 struent
2036 4641 2203 4734 imperia
2220 4639 2305 4716 bor-

1292 4739 1448 4810 ribiliter
1470 4739 1510 4810 in
1527 4733 1594 4810 bac
1610 4740 1735 4811 ultima
1755 4753 1791 4812 et
1813 4741 1979 4833 languida
1996 4742 2127 4814 mundi
2146 4759 2305 4818 meets.

1293 4839 1364 4912 Sed
1386 4854 1504 4911 tamen
1526 4839 1610 4934 quia
1633 4841 1788 4914 servabit
1801 4839 1899 4914 Deus
1913 4837 2093 4914 Ecclesiae
2107 4848 2306 4944 reliquias.

1292 4941 1410 5013 studia
1426 4941 1670 5014 doctrinarum
1685 4967 1760 5014 non
1776 4943 1996 5019 abiiciamus.
2056 4941 2193 5034 Quaere
2210 4949 2307 5044 quod

1292 5043 1395 5130 facis,
1436 5043 1613 5138 opitulare
1641 5039 1873 5116 scholasticis:
1916 5043 1999 5118 Scio
2031 5045 2202 5138 frugales
2236 5072 2307 5120 esse

1292 5159 1446 5231 νιιιιοι,
1480 5145 1727 5240 etintelligere
1741 5145 1913 5220 beneficio
1929 5147 2074 5240 publico
2090 5167 2306 5224 reverenter

1327 5439 1356 5500 *l
1377 5434 1447 5494 cos.
1469 5438 1619 5508 derideor,
1646 5436 1785 5492 mendose.

1328 5520 1378 5592 Ἀ)
1396 5519 1460 5576 Vis.
1476 5520 1662 5576 coenantem
1680 5519 1707 5576 ei
1724 5521 1816 5576 &tam
1836 5519 1863 5574 d.
1882 5523 1908 5577 l.
1927 5521 1994 5578 Maii
2012 5521 2090 5578 ΒΩ.
