4716 6174
666 315 1104 395 uats'touatttttu

944 507 974 567 ι.
990 493 1077 579 Sept.

111 321 170 398 m

122 489 297 570 baffi.

36 645 37 650 Ἰ
121 595 315 635 m

295 636 303 649 ι
370 693 445 781 Ιο.
478 693 837 784 Amatordamio.

182 875 238 934 th
260 873 295 928 in
318 871 625 930 paneadensium.
647 892 678 946 p.
691 873 735 928 94.
783 874 888 928 lterum
908 893 923 928 a
942 873 1051 930 Perelio
1072 876 1103 930 iu

202 943 321 1016 epistolis
346 941 422 998 Met.
443 941 478 998 ad
496 943 680 1015 ilardenberg.
698 963 742 1026 ep.
754 944 797 1000 57.
823 971 857 986 -
898 942 1012 998 Contuli
1030 963 1100 1016 epo·

198 1013 322 1086 graphan
338 1013 489 1085 antiquiss.
502 1014 531 1067 in
545 1012 607 1068 eod.
622 1014 754 1085 Gypnan.

128 1183 308 1262 tancrado
332 1188 439 1270 viro,
465 1182 668 1258 eruditione
689 1198 721 1258 et
738 1189 868 1258 virtute
880 1188 1100 1286 praestanti,

123 1293 160 1365 D.
177 1286 757 1372 IoanniAmsterdamio,
802 1286 1100 1362 docentiEran·
1169 1339 1175 1348 κ

121 1395 228 1492 grimm
262 1396 307 1466 in
335 1391 518 1464 Ecclesia
544 1389 756 1472 Bremensi,
796 1393 916 1464 amieo
946 1420 1015 1466 sao
1042 1419 1100 1464 eo-

550 1491 668 1567 lenda.

129 1639 159 1722 S.
175 1653 212 1724 [t.
265 1647 494 1722 Reverende
509 1647 566 1716 vir
582 1661 617 1717 et
632 1647 741 1719 amice
758 1649 947 1722 carissime.
988 1647 1100 1742 Saepe

125 1757 232 1827 intuens
254 1749 366 1824 hunc
381 1747 509 1821 Albim
525 1765 702 1836 nostrum,
725 1751 861 1840 cogito,
885 1775 959 1821 non
977 1752 1006 1822 si
1020 1766 1100 1822 tan-

120 1875 174 1929 tun
195 1857 399 1930 tunderem
430 1853 665 1948 lacrymarum
695 1868 866 1948 quantum
891 1847 950 1924 hic
969 1855 1099 1925 fluvius

119 1963 272 2032 undarum
295 1953 429 2037 vehit,
462 1951 639 2026 exhauriri
663 1979 781 2026 mcum
806 1956 965 2026 dolorem
987 1979 1099 2048 posse,

124 2088 207 2155 quem
218 2061 343 2133 multis
360 2058 473 2128 annis
488 2057 695 2128 circumfero
712 2058 750 2126 in
764 2072 904 2152 pectore
915 2055 942 2156 ι)
956 2074 1100 2152 propter

134 2165 288 2234 (linthium
301 2166 344 2234 de
362 2185 480 2232 coena
496 2161 652 2242 domini,
673 2161 710 2230 in
724 2185 795 2254 quo
810 2173 881 2230 tam
897 2162 1009 2232 multa
1026 2163 1098 2232 dis-

140 2279 282 2356 putantur
302 2281 395 2336 extra
422 2286 574 2336 causam.
627 2259 670 2332 ln
694 2287 761 2333 usu
782 2287 864 2334 vere
887 2265 1099 2335 etsubstan-

138 2368 245 2437 tialiter
263 2369 349 2439 adest
364 2362 556 2450 Christus,
590 2378 624 2436 et
650 2383 701 2435 est
717 2365 837 2436 efficax
857 2366 896 2434 in
913 2391 996 2436 vera
1013 2367 1099 2436 con-

129 2471 283 2541 solatione.
330 2469 416 2542 Cur
441 2479 632 2536 moventur
654 2468 904 2560 disputationis
926 2469 964 2537 in
982 2470 1098 2539 inclu-

125 2576 201 2642 sione
218 2587 311 2644 extra
336 2571 476 2642 usum?
535 2567 653 2639 Doceo
676 2573 796 2640 eadem
821 2595 911 2664 quae
932 2573 1100 2662 leguntur

127 2679 156 2744 in
170 2679 243 2746 meis
262 2676 435 2768 scriptis,
471 2687 505 2742 et
528 2671 566 2739 in
591 2697 666 2742 eam
688 2674 899 2744 sententiam
919 2675 987 2746 suit
1009 2677 1097 2744 lacta

129 2782 247 2850 tomula
269 2775 496 2849 concordiae
512 2769 544 2866 ²)
569 2790 650 2846 ante
675 2771 888 2868 annos16³)
911 2776 1005 2847 inter
1025 2775 1099 2850 Lu-

134 2875 238 2952 tberutn
256 2895 303 2952 ‘et
337 2879 482 2949 multos
506 2877 568 2971 qui
601 2903 642 2947 ex
657 2873 686 2974 ⁴)
712 2875 880 2950 Ecclesiis
906 2879 1098 2972 superioris

145 2977 308 3054 semotae
333 2977 415 3052 huc
440 2981 667 3054 advenerant.
718 2977 833 3052 Deum
857 3007 942 3067 oro,
970 2995 1010 3052 ut
1034 3005 1099 3050 nos

151 3107 240 3152 onnes
255 3088 440 3176 gubernet.
500 3077 532 3178 †
557 3080 668 3175 Spero
690 3083 762 3152 filio
788 3097 850 3154 tuo
875 3079 1099 3154 studiaAca-

151 3185 249 3256 deniae
255 3189 449 3279 profutura
465 3185 556 3254 esse''
570 3180 608 3280 ὅ).
660 3183 758 3256 Bene
776 3199 810 3256 et
823 3187 996 3258 foeliciter
1012 3187 1099 3256 vale.

140 3281 248 3362 taleod.
262 3289 471 3384 Septembr.
525 3287 631 3360 Mitto
646 3289 713 3359 tibi
729 3289 880 3380 pagellas
897 3283 938 3384 ⁶).

620 3403 808 3501 Philippus
822 3405 1047 3481 Melanthon.

112 3777 171 3887 bo.
187 3779 300 3854 5660.

123 3876 314 3909 m
967 3785 1098 3904 Q,

304 3989 434 4074 Hier.
464 4016 494 4070 a
525 3989 896 4078 Commerstuedt.

173 4147 293 4220 Epistola
316 4145 464 4218 praemissa
492 4145 581 4200 libro:
615 4147 711 4200 Praeti
731 4147 902 4220 paraphrasis
926 4148 956 4202 iu
981 4160 1100 4220 quatuor

203 4213 360 4284 Ptolemaei
380 4216 465 4269 libros
484 4213 657 4269 desiderum
676 4215 872 4272 effectionibus.
910 4219 992 4273 Basil.
1012 4225 1046 4289 (s.
1060 4221 1097 4287 a.)

204 4287 230 4342 8.
266 4283 360 4338 Etiam
380 4283 480 4353 legitur
491 4284 519 4336 in
533 4281 695 4339 Declamatt.
709 4283 756 4341 IV.
779 4305 803 4355 p.
820 4288 880 4344 580.
898 4321 934 4334 --
969 4291 1014 4345 De
1026 4289 1098 4344 Pro·

207 4355 240 4410 di
263 4353 341 4409 libro
364 4353 419 4406 sid.
436 4372 517 4424 supra
536 4371 578 4423 ep·
599 4355 625 4408 d.
641 4353 667 4406 d.
691 4356 731 4408 tt.
750 4357 838 4412 Deeb.
859 4357 932 4416 1555.

131 4493 337 4514 Ἦ...-

151 4585 183 4646 1)
196 4587 355 4656 fimare)
375 4579 452 4640 aaliz
469 4589 530 4644 cod.
547 4585 673 4659 Ci'prian.

130 4687 165 4751 ἦ
184 4689 250 4748 fist!
268 4689 459 4758 Witsbergao
481 4687 557 4746 1556.

123 4793 160 4860 3)
189 4783 426 4878 Pagasaeum..
459 4790 537 4848 Solet
552 4784 720 4873 fMelintbon
742 4811 829 4850 annos
854 4813 911 4876 non
929 4797 1025 4880 'literis
1050 4798 1097 4852 ssd

163 4873 366 4998 aarum
379 4862 1098 5011 rat-ttoni:fleasscarlatano

155 4999 525 5126 :phtolaymssdtahquerp
544 5019 594 5072 pro
615 5000 650 5080 th
666 4999 765 5103 legisse.
777 5003 825 5106 Ι10,
843 5003 929 5071 :qoud
948 5003 1045 5058 deinde
1064 5007 1097 5060 ab

205 5091 223 5126 a
242 5070 422 5152 medatem
441 5071 647 5167 aestimassem
670 5069 711 5142 li·
764 5100 820 5149 ,μμ

108 5175 149 5238 4)
176 5173 275 5233 Pene-
292 5171 387 5228 hasen
410 5169 542 5265 epillltK¹
674 5245 677 5253 .
798 5223 821 5260 a
929 5201 933 5210 ·

106 5279 152 5342 5)
173 5279 279 5348 &aa
293 5281 363 5358 αἶ]
381 5291 443 5328 nou
456 5273 558 5353 bibent
574 5274 638 5362 lipsi
654 5275 820 5359 impeiri„
861 5336 866 5358 ι
992 5339 996 5349 Ι

101 5379 146 5450 6)
174 5375 382 5504 aad&
397 5391 484 5462 qun
494 5375 579 5464 ὗ1555.
609 5374 997 5460 ,losodieeadscriptumestz
1018 5397 1097 5438 anno

151 5451 194 5532 1·
251 5483 266 5535 3
289 5455 317 5503 st
334 5451 486 5538 septesrtt
503 5443 665 5553 intelhgptul
682 5461 714 5541 ss
733 5446 845 5515 epistota
863 5443 896 5498 ad
916 5442 1096 5504 Herdenber-

148 5511 631 5588 gudamsttssem..
679 5527 789 5568 aaran.

50 5597 285 5662 strenae.
309 5595 415 5660 Orsa.
444 5593 526 5656 Vos.
553 5589 646 5669 Vlll.

1167 315 1272 395 [ΑΒ.
1298 317 1381 394 xn.
1437 313 1568 402 test.
2079 333 2154 406 ³38

1156 479 1364 559 Carissimo
1392 487 1486 572 viro,
1527 487 1724 562 nobilitate
1745 495 1910 587 generis,
1948 497 2151 575 eruditione

1156 599 1188 660 et
1221 589 1350 662 virtute
1382 591 1610 688 praestanti,
1651 589 1821 666 Domino
1853 596 2148 699 Hieronymo

1156 717 1181 761 a
1221 684 1609 775 Commerssaedn
1660 696 1697 771 S.
1729 697 1773 768 D.
1811 693 2014 801 Philippus
2055 703 2146 778 Me-

1565 791 1735 870 lanthon.

1153 933 1394 1019 Manifestum
1421 965 1490 1035 est,
1530 951 1759 1020 necessariam
1786 977 1860 1027 esse
1885 950 2065 1028 Ecclesiae
2088 965 2146 1032 (lei

1154 1051 1242 1121 anni
1262 1052 1454 1136 rationem,
1486 1076 1632 1146 eamque
1652 1053 1852 1125 doctrinam
1872 1057 1957 1127 inde
1972 1085 2085 1158 usque
2102 1067 2147 1134 ab

1154 1153 1257 1224 initio
1282 1154 1419 1242 generis
1442 1149 1590 1225 humani
1612 1155 1650 1224 in
1675 1156 1748 1226 sola
1769 1153 1928 1229 Ecclesia
1952 1165 2145 1237 rectissime

1153 1269 1396 1326 conservatam
1421 1272 1455 1326 et
1478 1273 1704 1350 propagatam
1728 1283 1811 1332 esse.
1863 1259 2057 1336 Constituit
2076 1295 2143 1338 vox

1153 1359 1275 1430 divina
1298 1373 1409 1428 metas
1429 1361 1516 1428 anni
1533 1375 1566 1430 et
1579 1360 1740 1430 attribuit
1757 1363 1940 1434 mensibus
1957 1367 2143 1440 distinctos

1153 1461 1243 1531 ritus
1259 1475 1433 1530 certarum
1450 1462 1746 1552 significationum
1766 1488 1880 1540 causa.
1931 1463 2021 1540 Erat
2035 1472 2144 1562 igitur

1152 1577 1187 1634 et
1209 1563 1401 1634 necessaria
1422 1580 1456 1634 et
1470 1565 1527 1656 pia
1547 1565 1748 1634 coelestium
1765 1573 2143 1645 motuumconsidera-

1152 1667 1225 1754 tio,
1250 1691 1340 1760 quae
1360 1667 1559 1738 doctrinam
1577 1663 1833 1740 arithmeticam
1849 1685 1879 1740 et
1895 1677 2141 1760 geometricam

1152 1759 1408 1862 complectitur.

1252 1916 1307 1989 Eo
1333 1921 1437 1990 etiam
1463 1922 1578 1991 voluit
1601 1924 1688 1993 deus
1711 1923 1793 1994 sciri
1816 1949 1991 2000 annorum
2007 1935 2142 2018 seriem,

1151 2039 1191 2094 ut
1215 2036 1298 2093 nota
1322 2036 1436 2092 essent
1462 2023 1566 2093 initia
1591 2026 1731 2114 generis
1756 2022 1924 2116 humani,
1957 2047 1991 2102 et
2013 2036 2141 2106 deinde

1151 2141 1309 2216 tempora
1325 2125 1598 2213 patefactionum
1612 2127 1827 2200 divinarum.
1870 2133 2035 2228 Denique
2048 2141 2142 2208 rnul-

1152 2243 1206 2300 tae
1227 2251 1373 2315 magnae
1394 2251 1517 2298 causae
1536 2243 1640 2314 sunt,
1665 2255 1775 2324 quare
1793 2234 1964 2326 distingui
1983 2251 2142 2331 tempora

1152 2345 1187 2402 et
1200 2354 1388 2400 numerum
1406 2355 1583 2402 annorum
1600 2334 1765 2402 annotari
1779 2336 1906 2408 voluit.
1946 2337 2044 2410 Haec
2062 2367 2141 2412 cnm

1151 2434 1222 2502 sint
1238 2433 1435 2517 verissima,
1459 2433 1513 2504 fui
1526 2429 1687 2506 hortator
1700 2436 1902 2509 iunioribus
1917 2443 1961 2510 ad
1976 2442 2142 2514 discenda

1152 2536 1254 2605 initia
1273 2531 1400 2604 harum
1417 2536 1564 2622 artium,
1590 2533 1832 2610 arithmeticae
1849 2556 1883 2612 ct
1900 2545 2081 2616 doctrinae
2098 2551 2142 2616 de

1151 2662 1266 2718 anno,
1298 2662 1406 2730 quac,
1441 2651 1480 2708 ut
1497 2636 1598 2710 Plato
1620 2640 1759 2732 inquit,
1785 2643 1933 2715 minime
1947 2663 2076 2718 nocent
2093 2651 2143 2718 ci-

1151 2741 1332 2812 vitatibus.
1392 2739 1520 2810 Fateor
1545 2742 1651 2810 etiam
1677 2745 1808 2814 mesic
1834 2749 1984 2832 sentire,
2019 2751 2143 2822 utilem

1151 2866 1224 2912 esse
1241 2842 1419 2912 iuventuti
1438 2843 1477 2910 in
1495 2839 1652 2914 Ecclesia
1668 2845 1882 2916 mediocrem
1896 2845 2144 2943 philosophiae

1151 2945 1406 3032 cognitionem,
1441 2967 1531 3036 quae
1558 2969 1632 3014 non
1659 2946 1704 3016 sit
1726 2949 1866 3035 garrula
1889 2965 1924 3020 et
1945 2953 2062 3023 inanis
2084 2978 2142 3023 so-

1152 3042 1320 3137 phistica,
1353 3047 1415 3114 secl
1438 3059 1618 3140 utcunque
1642 3049 1792 3118 deducat
1813 3065 1947 3122 mentes
1963 3056 2008 3122 ad
2023 3058 2141 3124 consi·

1152 3150 1371 3220 dotationem
1385 3161 1550 3226 naturae,
1580 3162 1615 3218 ct
1634 3151 1679 3218 sit
1694 3155 1986 3226 commonefactio
2003 3159 2046 3226 de
2062 3161 2142 3228 deo.

1150 3247 1327 3321 Existimo
1349 3250 1453 3320 etiam
1478 3251 1657 3320 neminem
1688 3254 1777 3322 adeo
1798 3255 1974 3338 insanire,
2000 3272 2040 3330 ut
2055 3261 2142 3330 velit

1153 3355 1238 3424 artis
1262 3353 1417 3423 medicae
1442 3354 1640 3424 doctrinam
1665 3355 1794 3440 deleri,
1827 3381 1916 3450 quae
1938 3373 1990 3430 est
2007 3365 2142 3452 praeci-

1153 3481 1222 3548 pua
1245 3480 1325 3549 pars
1347 3451 1603 3548 philosophiae.
1656 3453 1698 3528 ln
1722 3481 1760 3528 ea
1786 3472 1885 3551 parte
1908 3487 1988 3532 cum
2003 3466 2047 3533 de
2066 3489 2143 3534 eor·

1153 3584 1281 3652 porum
1306 3559 1395 3628 crasi
1418 3559 1549 3630 dicitur
1564 3575 1598 3630 et
1615 3562 1659 3630 de
1674 3561 1765 3630 aie'ris
1781 3585 1822 3631 ac
1836 3563 2022 3654 regionum
2039 3568 2143 3636 dissi-

1153 3655 1377 3747 militudine,
1412 3662 1515 3731 etiam
1533 3659 1788 3754 Hippocrates,
1817 3662 1960 3738 Diocles
1985 3683 2018 3740 et
2035 3667 2143 3740 Gale-

1152 3787 1221 3834 nus
1238 3765 1414 3848 iudicant,
1443 3763 1536 3834 inter
1552 3788 1610 3834 eas
1625 3789 1757 3851 catrsas,
1780 3791 1870 3860 quae
1886 3770 1981 3838 varie
1995 3771 2142 3842 miscent

1152 3879 1446 3958 temperamenta,
1481 3889 1690 3936 concurrere
1713 3883 1830 3938 motus
1855 3871 2021 3942 coelestes
2037 3875 2143 3944 etlu-

1151 3993 1234 4038 men
1257 3968 1449 4039 stellarum.
1507 3963 1556 4036 Et
1575 3981 1658 4038 sunt
1686 3967 1761 4038 eius
1781 3971 1832 4038 rei
1856 3975 1968 4044 multa
1991 3973 2143 4044 illustria

1152 4069 1353 4140 testimonia
1369 4070 1406 4136 in
1427 4069 1625 4153 elementis,
1652 4069 1690 4138 in
1707 4071 1851 4160 plantis,
1878 4075 1917 4143 in
1935 4076 2141 4167 corporibus

1152 4167 1351 4262 hominum.
1403 4167 1482 4238 lloc
1499 4191 1577 4239 cum
1596 4175 1793 4242 verecunde
1809 4175 1960 4246 dicimus
1975 4189 2008 4248 et
2021 4191 2140 4246 osten·-

1151 4275 1285 4358 dimus,
1311 4269 1593 4342 consideratione
1616 4287 1776 4344 motuum
1795 4277 1996 4346 confirmari
2015 4281 2140 4346 adsen-

1151 4377 1286 4446 sionem
1303 4376 1347 4444 de
1363 4373 1605 4465 providentia,
1630 4390 1794 4445 accersant
1813 4402 1878 4447 nos
1897 4379 2042 4472 quidam
2059 4404 2136 4470 μω-

1151 4469 1303 4568 caraea
1334 4477 1499 4550 atrociter
1527 4499 1568 4548 ac
1594 4479 1853 4564 vociferantur,
1896 4503 1961 4548 nos
1988 4481 2139 4552 invitare

1150 4575 1340 4650 bominum
1372 4579 1489 4650 studia
1523 4581 1568 4648 ad
1592 4584 1810 4673 quaerendas
1832 4583 2015 4652 damnatas
2038 4605 2140 4676 prae-

1150 4681 1333 4752 dictiones.
1386 4678 1477 4752 Cum
1510 4694 1626 4752 autem
1662 4677 1754 4752 hanc
1787 4683 2008 4754 manifestam
2041 4687 2141 4756 calu·
2254 4691 2280 4716 ⁶

1150 4783 1284 4852 maiam
1306 4807 1408 4874 saepe
1424 4783 1693 4856 refutaverimus
1709 4798 1743 4855 et
1757 4785 1885 4857 diserte
1897 4785 2140 4860 discernamus

1150 4880 1313 4979 physicas
1340 4885 1540 4957 effectioncs
1563 4886 1602 4956 in
1623 4887 1832 4977 corporibus
1854 4888 1900 4958 ab
1925 4889 2006 4960 aliis
2026 4891 2139 4962 causis

1150 4988 1330 5056 actionum
1350 5000 1384 5055 ct
1405 5001 1595 5057 eventuum
1617 5001 1649 5057 et
1668 5013 1687 5056 a
1703 4987 2024 5080 praedictionibus,
2048 5014 2138 5086 quae

1150 5113 1225 5160 non
1244 5103 1327 5160 sunt
1348 5083 1531 5182 physicae,
1563 5103 1597 5160 et
1619 5083 1823 5176 hortemur,
1857 5105 1898 5163 ut
1919 5093 2137 5166 considerata

1150 5191 1353 5262 infirmitate
1368 5185 1534 5266 humana
1558 5203 1678 5284 petant
1705 5213 1829 5264 omnes
1852 5195 1928 5284 regi
1953 5219 1988 5266 se
2013 5217 2033 5262 a
2060 5193 2138 5279 deo,

1149 5305 1224 5362 non
1246 5313 1385 5362 necesse
1407 5306 1479 5378 est,
1512 5315 1609 5362 nunc
1631 5307 1790 5386 repetere
1808 5310 1945 5367 nostras
1959 5295 2137 5364 detensio-

1148 5418 1222 5468 nes.
1273 5391 1464 5482 Indulgent
1483 5393 1575 5465 odiis
1599 5394 1678 5480 isti,
1704 5421 1769 5468 nec
1792 5399 1979 5490 plectimur
1994 5391 2136 5470 nostre

1147 5491 1216 5588 ripe
1230 5489 1346 5575 nodie
1359 5486 1582 5590 assistricem
1601 5492 1800 5592 ἁμαρτίαν.
