4808 6176
236 277 311 354 tta

236 459 289 528 las
311 455 447 549 aliquot
473 465 509 524 et
533 451 651 546 accepi
676 463 712 523 et
734 449 822 540 legi,
860 471 925 518 nec
948 447 1142 534 existimes,
1173 469 1230 516 me

237 557 419 629 bominem
443 549 649 650 physicum,
680 567 722 623 ut
745 547 838 622 nihil
859 551 957 621 aliud
981 550 1117 636 dicam,
1141 551 1230 619 adeo

237 658 478 752 superstitiose
490 657 650 746 contagia
666 670 831 738 metuere,
855 667 894 722 ut
909 648 1053 724 haerere
1068 677 1106 720 ea
1124 651 1229 721 etiam

239 764 279 834 in
296 755 426 832 chartis
443 772 573 850 putem.
623 757 664 828 si
680 756 759 826 istic
775 779 897 836 essem,
924 754 1027 824 etiam
1043 751 1231 824 familiaria

239 863 356 936 otfieia
390 861 649 954 praestitissem.
707 857 835 928 Studia
867 852 1080 928 Academiae
1109 856 1231 948 aliquo

240 968 348 1036 modo
371 987 412 1034 ex
435 963 581 1053 pagellis
597 981 805 1050 cognoscere
829 958 987 1051 puteris,
1004 981 1092 1051 quas
1114 957 1231 1029 mitto.

241 1067 356 1136 Valde
381 1078 498 1134 autem
522 1077 559 1133 te
580 1085 663 1148 oro,
687 1074 727 1131 ut
744 1062 789 1130 de
810 1074 870 1132 tua
887 1073 919 1128 et
935 1073 1079 1130 tuorum
1095 1059 1233 1130 valetu-

243 1170 327 1240 dine
349 1189 452 1258 saepe
477 1165 581 1234 nobis
603 1164 746 1235 scribas.
797 1158 850 1236 Ac
871 1161 985 1230 filium
1002 1159 1091 1246 Dei,
1114 1159 1232 1230 domi-

241 1295 329 1342 num
343 1281 502 1338 nostrum
520 1265 635 1336 lesum
650 1260 832 1336 Christum
852 1261 1057 1334 crucifixum
1078 1285 1143 1354 pro
1165 1285 1232 1332 no-

241 1373 298 1444 bis
314 1386 350 1441 et
368 1369 613 1440 resuscitatum
634 1391 718 1446 oro,
744 1380 785 1436 ut
800 1380 833 1436 te
854 1377 891 1434 et
906 1376 986 1434 tuos
1002 1377 1116 1434 servet
1132 1365 1233 1434 inco-

243 1476 377 1557 lumes,
403 1485 439 1542 et
460 1485 637 1541 aeternam
658 1465 852 1538 Ecclesiam
875 1466 969 1536 inter
991 1489 1057 1536 nos
1080 1466 1233 1555 colligat,

243 1592 278 1646 et
302 1575 481 1652 ostendat,
514 1597 551 1642 se
574 1571 612 1656 in
627 1565 784 1640 Ecclesia
800 1563 1056 1649 suahabitare,
1079 1591 1145 1638 nos
1168 1589 1233 1657 gu·

242 1680 368 1748 bernet
393 1689 427 1746 et
445 1676 586 1758 doceat,
613 1684 647 1740 et
667 1671 788 1756 faciat,
813 1682 855 1740 ut
874 1669 1051 1761 supersint
1067 1663 1106 1768 ¹²)
1122 1668 1233 1762 aliqui

242 1776 383 1850 honesti
408 1789 526 1846 coetus
544 1772 742 1844 doctrinam
760 1795 878 1842 veram
892 1784 1078 1844 sonantes.
1128 1769 1232 1842 Nunc
1287 1831 1296 1848 ,

243 1878 415 1973 inspectio
436 1873 672 1947 Ecclesiarum
696 1875 734 1942 in
759 1869 815 1944 his
839 1873 1044 1964 regionibus
1069 1873 1233 1944 institue·

242 1997 318 2067 tur,
350 2003 455 2076 quam
480 1977 574 2046 filius
599 1975 667 2046 Dei
689 1977 842 2048 adiuvet.
901 1971 999 2046 Rene
1024 1989 1060 2050 et
1084 1974 1234 2046 feliciter

199 2097 204 2122 ⁸
243 2086 333 2157 vale.
384 2079 451 2152 Die
470 2077 527 2150 17.
543 2077 719 2164 Ianuarii,
747 2073 857 2154 1555.

1096 2547 1229 2576 m

575 2643 638 2730 D.
666 2639 907 2755 Chytraeo.

245 2783 246 2790 Ν
312 2825 361 2894 (ο.
374 2820 472 2880 nassa
488 2820 614 2891 caprea
628 2817 747 2892 epaon
766 2837 792 2892 p.
808 2816 896 2886 sess.)

504 2973 694 3049 Davids'
724 2965 974 3071 Chyaraeo.

243 3122 455 3210 Clarissime
477 3133 532 3202 vir
557 3146 591 3202 et
614 3131 732 3204 cariss.
752 3129 871 3200 scater.
931 3122 1009 3196 Etsi
1029 3125 1188 3196 ridemur
1210 3147 1231 3196 a

242 3236 557 3331 gubernatoribus,
582 3257 662 3302 cnm
677 3231 829 3300 dicimus
846 3228 896 3296 eis
911 3223 1047 3318 scholas
1067 3243 1102 3298 et
1119 3227 1232 3296 elfici-

243 3365 306 3410 nas
327 3340 487 3410 librarios
511 3337 639 3405 debere
663 3355 767 3403 curae
789 3353 881 3416 esse,
904 3343 1023 3400 tamen
1040 3351 1094 3397 res
1111 3341 1231 3397 osten-

244 3443 312 3526 dit,
345 3465 452 3533 quam
478 3437 589 3506 multa
624 3433 850 3502 incommoda
881 3455 900 3500 a
927 3423 1229 3523 typographorum
1288 3452 1293 3460 ·

241 3542 388 3614 avaritia
429 3541 600 3608 oriantur.
666 3534 735 3605 Sed
772 3527 858 3604 haec
894 3533 1151 3624 propemodum
1189 3544 1229 3601 ut

241 3637 430 3742 ἀναγκαία
452 3635 548 3712 κακὰ
565 3634 671 3706 huius
690 3635 857 3724 temporis
876 3633 1052 3725 sapienter
1065 3633 1228 3706 seramus.

241 3747 324 3816 Non
338 3745 433 3813 misit
451 3744 492 3810 ad
515 3765 568 3808 me
584 3743 695 3807 Grato
711 3737 861 3828 pagellas
878 3735 931 3806 tui
947 3735 1032 3804 libri
1043 3727 1122 3830 ”),
1148 3759 1227 3804 cum

240 3848 385 3940 quidem
402 3839 489 3913 mihi
507 3842 600 3911 mitti
621 3839 809 3909 iussissem.
858 3835 928 3909 Sed
952 3838 1139 3930 aliquoties
1160 3838 1227 3906 ob-

241 3951 398 4038 iurgatus
420 3960 539 4028 antea,
565 3956 683 4034 postea
708 3942 829 4010 limam
858 3963 973 4008 meeum
1005 3939 1079 4030 pati
1101 3939 1227 4009 noluit.

238 4051 346 4122 Nunc
368 4047 510 4116 recudet
531 4059 631 4114 tuum
654 4043 833 4125 libellum,
858 4067 898 4111 ac
915 4039 1112 4132 exemplum
1137 4035 1228 4110 mihi

239 4151 359 4230 dedit,
402 4149 498 4241 quud
532 4145 737 4214 emendabo.
803 4139 994 4232 Tragicum
1026 4141 1225 4234 exemplum

238 4248 495 4335 uulnerationis
509 4243 665 4317 hominis
680 4243 952 4334 ingeniosissimi
966 4237 1132 4314 Paselici
1145 4268 1225 4313 cum

188 4434 191 4442 ,
239 4353 453 4436 audiremus,
475 4345 733 4430 cohorruimus,
761 4359 796 4416 et
808 4347 937 4438 precati
953 4369 1076 4418 sumus
1089 4344 1223 4416 Filium

238 4450 324 4538 Dei,
357 4451 542 4524 dominum
566 4463 745 4535 nostrum,
781 4445 808 4522 l.
827 4443 886 4526 C„
919 4457 959 4517 ut
986 4472 1067 4517 eum
1098 4460 1224 4520 servet.

238 4556 378 4629 Scribes
400 4547 490 4624 mihi
509 4577 554 4624 an
576 4551 807 4624 convaluerit.
864 4545 917 4618 De
941 4539 1109 4644 Garc'peo
1132 4559 1165 4619 te
1190 4559 1225 4618 et

236 4655 425 4728 Ductorem
442 4649 620 4725 Iacobum
637 4651 738 4724 valde
753 4677 835 4738 oro,
855 4661 898 4719 ut
919 4650 951 4726 si
974 4675 1044 4744 quo
1067 4650 1174 4720 modo
1191 4649 1224 4718 ei

237 4759 419 4830 consulere
440 4755 604 4849 potestis,
628 4778 730 4846 opem
746 4753 823 4822 viro
847 4751 1075 4842 integerrimo
1091 4747 1223 4824 feratis.

236 4861 275 4933 Si
289 4853 473 4932 Frederas
495 4882 571 4928 non
591 4855 717 4944 migrat
737 4856 781 4924 ad
803 4875 884 4938 vos,
910 4877 1039 4948 quaeso
1062 4864 1104 4922 ut
1120 4843 1223 4920 Gar-

235 4963 497 5034 castrationem
513 4955 681 5030 habeatis.
730 4948 827 5026 Bene
842 4955 932 5024 vale.
979 4953 1138 5026 Salutem
1156 4979 1221 5024 vo-

233 5065 289 5138 bis
305 5065 471 5160 omuibus
487 5075 581 5152 opto.
631 5055 699 5130 Die
714 5057 776 5132 20.
794 5055 962 5130 Ianuarii.

262 5367 459 5440 mugierunt]
478 5363 573 5437 scripsi
592 5383 642 5436 pso
659 5365 758 5434 sciret,
778 5362 853 5435 qnod
871 5361 949 5418 babet
966 5328 1153 5436 spogrspbon.

262 5459 306 5526 ”J
323 5453 398 5510 Libri
415 5453 449 5508 ds
467 5447 659 5514 rostrisnsnio,
676 5465 758 5522 quesn
777 5447 878 5520 prodiit
897 5467 921 5502 s.
936 5446 1010 5502 1555.

813 266 1250 349 urssrocanun
1299 267 1519 350 mnus.
1575 251 1706 355 issa.

1099 2453 1234 2527 20.len.

2202 291 2282 366 sta

1993 465 2071 547 (tere
2085 469 2115 534 d.
2131 477 2178 542 24
2197 467 2283 554 tan.)

2004 564 2279 602 Μ

1547 634 1699 724 louet.
1731 638 2021 772 (lanieras-io,

1353 808 1438 884 apsi.
1453 807 1487 864 ‚a
1501 809 1638 896 σω...
1657 834 1684 888 p.
1696 815 1750 900 aas
1761 837 1801 890 q.
1821 819 1875 885 (ea.
1893 820 1982 876 rana.
2001 821 2049 878 tas.
2064 787 2115 882 iv.
2133 845 2176 898 ep.
2191 827 2282 900 asoa.

1385 905 1422 924 ι-
1452 880 1546 934 Posuit
1572 884 1681 952 quedem
1708 887 1798 940 editor
1820 886 1894 944 benc
1920 892 2063 963 epistolem
2089 897 2165 949 inter
2189 896 2282 953 litesss

1295 441 1361 514 No.
1376 441 1489 520 5722.

1290 539 1503 582 Μ

1386 949 1654 1021 s.1558.scriptss;
1683 955 1729 1008 sed
1749 956 1808 1010 dats
1827 969 1868 1013 est
1891 977 1964 1014 suno
1985 963 2074 1036 1555„
2106 983 2194 1036 quum
2214 968 2282 1022 Ms-

1386 1015 1497 1072 taathon
1517 1020 1645 1102 loquatur
1662 1019 1696 1076 de
1714 1023 1887 1080 confessione
1907 1030 2013 1085 albeni
2033 1033 2120 1089 Ducis
2138 1033 2282 1106 Prusiae,

1387 1103 1456 1156 quse
1474 1103 1567 1140 mense
1585 1085 1654 1146 lulio
1675 1091 1752 1147 1554.
1775 1091 1846 1148 fecta
1868 1107 1908 1150 est
1932 1108 1958 1150 et
1976 1118 2048 1155 snno
2067 1103 2146 1160 15⁵4.
2165 1106 2284 1178 prodiit,

1386 1164 1414 1206 et
1432 1155 1466 1207 ds
1483 1155 1586 1209 nuncio
1599 1157 1754 1238 Paionion,
1773 1164 1835 1244 qpi,
1854 1175 1884 1216 ut
1900 1185 1930 1218 es
1947 1168 2006 1248 eliis
2022 1170 2144 1243 epistolis
2162 1186 2286 1250 consur,

1386 1241 1482 1276 snense
1499 1222 1625 1280 lanuarro
1645 1229 1722 1289 1⁵55.
1743 1227 1926 1306 Wstebergse
1945 1233 2007 1290 sust.

1285 1361 1512 1446 Clarissimo
1535 1377 1612 1450 viro
1632 1377 1835 1456 eruditione
1856 1393 1890 1457 ei
1915 1387 2045 1461 virtute
2062 1398 2287 1490 praestanti

1298 1472 1557 1552 ιΙοααΙιιίαο
1592 1484 1862 1560 camerario
1887 1489 2017 1590 fratri
2037 1517 2108 1568 sao
2134 1497 2260 1570 caris-

1729 1611 1835 1672 sema,

1286 1714 1335 1801 S.
1360 1727 1405 1802 D.
1457 1727 1575 1802 Hodie
1600 1728 1710 1804 Ducis
1736 1729 1960 1811 Borassiaci
1986 1741 2124 1816 litteras
2149 1753 2279 1841 accepi,

1285 1857 1323 1900 sn
1340 1832 1470 1925 quibus
1486 1835 1628 1920 scribit,
1653 1859 1689 1905 se
1705 1837 1836 1910 librum
1852 1843 2004 1928 mittere,
2030 1845 2070 1915 in
2088 1873 2159 1943 quo
2175 1875 2270 1920 com-

1286 1935 1408 2025 plexus
1423 1933 1469 2004 sit
1482 1957 1653 2006 summam
1671 1939 1852 2012 doctrinae
1864 1946 2064 2036 universae,
2090 1973 2189 2044 quun
2204 1975 2264 2022 vc·

1285 2036 1328 2107 lit
1342 2035 1542 2130 relinquere
1563 2039 1731 2130 posteris,
1756 2057 1791 2114 et
1805 2043 1910 2135 petit,
1934 2059 1975 2119 ut
1989 2065 2153 2124 nostrum
2170 2053 2213 2122 de
2228 2077 2268 2124 eo

1286 2137 1458 2208 iudicium
1482 2137 1727 2228 significemus.
1788 2143 1902 2218 Credo
1926 2143 2139 2224 Iohannem
2163 2150 2277 2225 Auri·

1279 2236 1440 2338 sabrnm
1463 2254 1555 2312 recte
1579 2258 1614 2315 et
1637 2245 1767 2316 diserte
1795 2249 1986 2342 scripsisse.
2043 2253 2119 2328 Sed
2141 2257 2279 2329 librum

1286 2365 1361 2412 οοο
1375 2341 1513 2432 accepi,
1537 2355 1575 2413 et
1590 2346 1750 2418 existimo
1771 2349 1811 2418 iu
1830 2353 1910 2422 aula
1928 2355 2087 2431 retineri.
2139 2355 2280 2431 Consul

1285 2437 1514 2536 Argelianas
1529 2439 1556 2538 ¹)
1580 2443 1755 2540 Principis
1771 2452 1954 2543 epistolam
1970 2451 2062 2526 mibi
2077 2459 2197 2546 misit,
2224 2464 2281 2533 cui

1290 2541 1523 2639 Vergeriana
1544 2547 1712 2618 adiuncta
1733 2566 1827 2638 erat,
1861 2579 1968 2648 quam
1991 2561 2116 2646 mitto,
2150 2559 2279 2656 inqua

1286 2647 1443 2720 narratio
1466 2662 1519 2720 est
1542 2643 1626 2744 napi
1651 2660 1902 2746 sarraconem
1926 2663 2279 2756 desponsationis),

1285 2773 1434 2842 quarum
1476 2752 1632 2842 prolecto
1672 2757 1883 2844 cogitatione
1923 2763 2034 2852 magis
2071 2767 2278 2850 excrucior,

1285 2875 1389 2944 quam
1414 2848 1609 2944 βλακικαῖς
1633 2850 1837 2950 διαβολαῖς.
1888 2859 1959 2933 Sed
1981 2886 2043 2934 oro
2065 2864 2183 2936 lilium
2199 2865 2278 2954 Dei,

1284 2965 1325 3024 ut
1347 2976 1413 3023 nos
1440 2956 1613 3043 gubernet
1635 2971 1668 3028 et
1693 2974 1862 3050 protegat.
1914 2961 1988 3032 lem
2007 2989 2153 3060 quoque
2178 2973 2277 3046 adest

1284 3052 1556 3150 σααροματικὸς
1581 3061 1750 3148 ursocius,
1783 3064 1845 3156 qui
1875 3066 1963 3156 petit
1989 3068 2083 3136 mitti
2114 3073 2275 3163 exempla

1284 3170 1487 3228 nostrorum
1509 3160 1721 3250 scriptorum
1744 3157 1827 3260 napi
1845 3157 2088 3252 διδασκαλίας
2107 3167 2272 3268 καὶπερὶ

1282 3253 1523 3358 λειτουργίας.
1574 3259 1672 3332 Bene
1696 3264 1785 3340 vale.
1835 3263 1931 3338 Deus
1954 3283 2063 3342 tutam
2076 3267 2271 3344 Ecclesiam

1283 3371 1380 3434 tuam
1395 3362 1624 3433 domesticam
1637 3380 1762 3441 servet.

2019 3467 2222 3570 Philippus.

1281 3681 2279 3716 ..m-mm..-

1282 3824 1476 3960 Q.
2118 3855 2183 3916 rs.
2199 3845 2264 3912 1....

1625 4015 1738 4132 Cpr.
1767 4021 1916 4110 Libia.

1347 4185 1423 4256 †Er
1440 4198 1549 4263 autogr.
1566 4191 1631 4248 cod,
1646 4193 1747 4252 Dresd.
1771 4192 1882 4252 collect.
1903 4195 2003 4254 scitu.
2026 4217 2055 4255 n.
2069 4200 2115 4258 ii.
2134 4205 2275 4280 descripte

1381 4274 1397 4311 s
1416 4257 1459 4314 (ΣΙ.
1477 4259 1650 4331 Gessdorſso.

1276 4405 1488 4488 Reverendo
1519 4416 1596 4488 viro
1625 4409 1881 4494 eruditiones!
1905 4424 2033 4498 virtute
2056 4435 2278 4526 praestanti

1275 4511 1330 4588 D.
1354 4509 1699 4616 Christophoro
1723 4517 1879 4620 Libya
1900 4519 2056 4600 Pastori
2075 4529 2275 4605 Ecclesiae

1302 4611 1362 4689 dei
1375 4617 1416 4688 in
1432 4621 1542 4692 veleri
1553 4619 1702 4694 Brenni
1716 4649 1799 4696 arse
1809 4628 1937 4726 fratri
1952 4654 2021 4702 suo
2037 4634 2247 4710 carmeiam.

1274 4769 1325 4858 S«
1351 4781 1397 4857 D.
1442 4781 1653 4858 Reverende
1667 4789 1724 4858 vir
1738 4797 1775 4860 e't
1788 4794 1968 4867 carissime
1981 4795 2100 4874 irater.
2141 4797 2273 4891 Quan-

1274 4899 1351 4956 tum
1373 4909 1415 4956 er
1437 4887 1509 4958 tuis
1533 4889 1648 4983 litepis
1669 4891 1907 4967 intelleximus
1929 4895 1975 4967 D.
1994 4897 2124 4972 Pastor
2139 4917 2179 4975 et
2194 4928 2272 4996 ego,

1273 4987 1470 5058 iudicamus
1485 5003 1519 5059 et
1534 4987 1819 5077 illustrissimum
1826 4993 2030 5091 Principem
2043 5015 2079 5072 et
2093 5029 2159 5074 vos
2175 5022 2270 5078 recte

1272 5089 1412 5174 fecisse,
1444 5092 1507 5182 qui
1530 5091 1719 5187 flexiloqua
1747 5097 1938 5168 dictaton
1954 5100 2208 5196 adprobsstis,
2238 5123 2270 5178 et

1273 5255 1501 5270 -Ἦ

1307 5359 1337 5428 l)
1355 5357 1554 5432 Tosgseicnsis.

1304 5447 1333 5515 Ι)
1353 5441 1535 5502 Priscorum.
