4808 6176
246 302 322 378 411

249 474 315 548 No.
328 469 442 546 6781.

229 568 427 614 ,ων

823 280 1254 364 urisronnnuu
1302 283 1515 400 55555.
1570 282 1705 362 5555.
2194 291 2253 363 ui

1094 477 1126 538 1.
1142 465 1229 530 Febr.
1295 459 1332 526 in
1349 457 1548 550 pulvisculo
1560 449 1598 552 *)
1614 457 1716 527 addis
1731 456 1913 548 pulverem
1938 478 1978 524 ex
1993 454 2123 526 ossibus
2142 459 2253 548 palma-

1065 557 1238 588 m
1296 585 1375 630 rum
1398 557 1462 632 καὶ
1483 555 1674 654 peanitas
1681 611 1693 644 ,
1720 581 1827 652 quare
1849 557 1915 626 tibi
1937 572 1970 628 et
1985 558 2091 626 debeo
2106 571 2136 628 51
2158 553 2252 632 habco

565 667 632 754 Io.
666 665 926 752 Praetorio.

358 832 443 906 Epist.
460 831 507 886 lib.
526 830 561 885 V.
578 846 607 900 p.
626 825 677 880 1³8
694 843 736 896 sq.

260 987 304 1064 V
299 981 482 1059 enerando
498 981 588 1069 viro,
605 977 806 1053 eruditione
819 977 1032 1080 praestanti
1037 974 1064 1048 I
1070 971 1251 1049 obanni

255 1085 523 1172 Praetorio,
559 1081 702 1155 docenti
726 1081 979 1176 Evangelium
1011 1081 1051 1152 in
1078 1078 1249 1152 Ecclesia

256 1189 334 1264 Dei
363 1189 402 1260 in
434 1185 577 1285 inclyta
610 1185 711 1259 Urbe
739 1183 783 1260 V
779 1183 1002 1274 ratislauia,
1028 1181 1158 1284 sratri
1182 1208 1250 1254 suo

637 1283 873 1364 charissimo.

259 1429 308 1516 S·
344 1439 389 1516 D.
448 1435 659 1512 venerande
693 1441 770 1525 511,
817 1455 854 1512 51
887 1435 1091 1511 charissime
1132 1441 1251 1513 frater.

263 1546 358 1633 Quid
384 1544 575 1636 optabilius
600 1567 673 1614 esse
699 1557 812 1634 potest
835 1544 940 1612 nobis
957 1545 1119 1622 senibus,
1147 1567 1251 1636 quam

258 1673 300 1717 ex
319 1643 383 1716 hac
400 1647 549 1736 caligine
566 1643 621 1738 (in
638 1671 706 1738 qua
721 1645 786 1713 etsi
803 1645 1034 1715 maximarum
1051 1669 1167 1714 rerum
1188 1648 1252 1713 do-

258 1750 455 1819 ctrinarum
477 1743 703 1816 inchoamus:
730 1759 850 1814 tamen
873 1749 1022 1817 obscura
1046 1761 1128 1817 sunt
1149 1747 1253 1817 initia

261 1851 358 1920 illius
384 1849 615 1920 admirandae
638 1849 845 1941 sapientiae)
870 1851 1051 1918 discedere
1075 1852 1118 1918 ad
1139 1851 1253 1918 coele-

260 1969 348 2023 stem
387 1951 640 2022 Academiam?
690 1948 860 2020 Laetatur
891 1975 973 2040 ergo
1009 1951 1065 2019 vir
1097 1952 1253 2044 optimus

260 2051 487 2133 Moibanus,
514 2053 584 2120 iam
601 2074 636 2121 55
649 2065 791 2142 portum
808 2053 910 2122 iilum
929 2054 1093 2145 attigisse.
1147 2053 1253 2122 Videt

262 2157 371 2226 etiam
399 2154 450 2223 ibi
479 2177 625 2223 suorum
645 2155 800 2224 filiorum
824 2179 979 2224 cursum.
1038 2157 1110 2226 Sed
1133 2169 1252 2226 tamen

265 2258 452 2326 nobiscum
470 2281 612 2350 quoque
631 2257 757 2324 vellem
773 2257 893 2326 videre
911 2259 1023 2327 filium
1035 2251 1254 2341 Iohannem,

265 2359 328 2449 qui
350 2381 473 2432 recens
494 2382 534 2427 ex
552 2357 652 2428 ltalia
671 2359 792 2428 rediit:
821 2357 855 2426 15
874 2383 970 2428 5555
987 2355 1167 2448 Augustae
1193 2373 1253 2432 est.

263 2459 317 2530 De
333 2461 493 2530 oratione
510 2463 606 2552 quod
629 2461 772 2545 scribis,
798 2483 915 2528 meum
938 2459 1094 2530 officium
1119 2462 1155 2529 in
1179 2463 1255 2531 edi-

264 2565 362 2633 tione
385 2563 500 2632 obtuli
521 2563 584 2647 iis,
614 2563 743 2655 quibus
775 2562 972 2631 orationem
1003 2561 1141 2633 misisti.
1202 2564 1254 2632 Ac

265 2664 403 2745 statim,
438 2689 519 2732 cum
542 2663 676 2733 Dresda
698 2665 859 2748 rediero,
885 2661 1114 2757 typographis
1136 2667 1255 2735 trade·

264 2789 354 2836 mus.
406 2763 510 2835 Nunc
535 2765 630 2834 enim
653 2779 799 2856 propter
813 2767 959 2836 consilia
974 2771 1018 2836 de
1036 2767 1254 2858 inspectione

264 2865 501 2938 Ecclesiamm
522 2867 658 2937 avocati
681 2891 814 2942 sumus.
872 2867 1038 2960 Prodigia
1062 2883 1255 2941 narrantur

1296 664 1454 751 gratiam.
1506 661 1577 732 Sed
1601 665 1708 730 nobis
1733 660 1898 729 versiculi
1916 653 2112 742 Theocriti,
2135 659 2256 756 dequi-

1298 768 1363 833 bus
1380 765 1595 854 cogitabam,
1616 789 1699 833 cum
1718 764 1869 852 legerem
1883 774 1962 831 tuas
1978 761 2144 852 palmulas
2156 775 2186 832 51
2197 787 2257 832 me·

1298 866 1406 956 spila,
1434 866 1607 957 praebent
1630 889 1760 935 novam
1783 863 2035 957 quaestionem.
2092 860 2257 936 Carnarius

1299 969 1430 1037 iudicat
1452 961 1631 1062 βράβυλα
1652 991 1725 1036 5555
1748 967 1861 1036 nostri
1884 964 2021 1034 fruticis
2035 965 2178 1034 fructum
2193 961 2260 1034 ste-

1299 1063 1388 1156 iten3
1415 1066 1578 1140 Atheneo
1596 1093 1711 1160 pruna
1727 1081 1820 1139 sunt.
1863 1067 1983 1137 Tuum
1999 1065 2163 1136 iudicium
2183 1069 2260 1161 quod

1301 1174 1374 1242 cst?
1432 1170 1691 1265 Colloquamur
1717 1171 1811 1240 enim
1840 1171 1884 1239 de
1917 1183 2045 1238 natura
2079 1191 2204 1248 rerum,
2231 1169 2262 1236 in

1300 1273 1480 1368 quam'tot
1504 1275 1656 1342 illustria
1679 1273 1825 1362 vestigia
1841 1272 1936 1342 Deus
1960 1268 2153 1361 impressit,
2173 1283 2206 1340 ut
2226 1271 2261 1339 55

1300 1401 1336 1446 55
1363 1389 1397 1448 51
1418 1376 1642 1468 providentia
1668 1399 1732 1444 nos
1753 1376 2090 1457 commonefaceret,
2121 1371 2261 1466 quonian

1302 1481 1345 1548 de
1361 1479 1519 1569 imperiis
1542 1479 1633 1548 laeta
1650 1478 1802 1547 scribere
1817 1499 1890 1545 non
1904 1497 2112 1567 possumus,
2136 1497 2258 1566 quorun

1301 1581 1423 1649 fatales
1443 1594 1479 1651 51
1500 1603 1622 1649 555555
1645 1579 1892 1649 conversiones
1914 1578 2137 1669 impendent.
2187 1573 2259 1646 luter

1302 1677 1366 1752 has
1384 1696 1503 1754 tamen
1518 1682 1611 1751 filius
1628 1681 1694 1752 Dei
1711 1681 1862 1773 protegit
1882 1703 1965 1751 suos
1989 1691 2129 1762 coetus,
2151 1678 2187 1745 de
2198 1675 2254 1770 qui-

1303 1786 1369 1854 bus
1403 1786 1511 1870 dixit,
1547 1808 1652 1853 nemo
1679 1784 1791 1875 rapiet
1822 1807 1905 1854 oves
1928 1803 2029 1850 meas
2056 1781 2101 1849 de
2132 1779 2250 1848 manibus

1302 1887 1401 1961 meis.
1460 1885 1557 1955 Bene
1592 1900 1626 1958 et
1653 1885 1804 1956 feliciter
1830 1885 1908 1956 5515
1934 1897 1970 1956 51
1996 1880 2157 1954 rescribe.
2194 1875 2246 1947 cn

1303 1987 1407 2064 Febr.
1425 1985 1533 2060 1555.

1404 2121 1565 2194 Phalaris
1578 2139 1751 2221 tyrannus
1768 2121 1983 2192 industriam
2002 2136 2040 2195 51
2054 2123 2154 2192 fidens
2168 2109 2261 2184 555151

1303 2227 1527 2318 praedicans,
1560 2229 1679 2321 inquit
1712 2251 1748 2296 se
1781 2225 1927 2295 laudare
1960 2248 2048 2294 eum
2082 2221 2263 2320 φρονοῦντα

1304 2327 1387 2410 ἄξια
1415 2333 1483 2400 τοῦ
1508 2329 1603 2401 θεοῦ
1623 2324 1820 2408 κτίσαντος
1841 2322 1911 2420 τὴν
1931 2321 2085 2420 τέχνην.
2135 2321 2268 2393 Clemens

1305 2427 1568 2502 Alexandrinus
1601 2433 1723 2502 recitat
1755 2445 1908 2500 veterem
1935 2452 2085 2498 versum
2115 2415 2270 2500 Heracliti,

1304 2557 1409 2624 quem
1434 2533 1519 2603 dicit
1544 2534 1766 2604 familiariter
1782 2542 1997 2621 usurpatum
2016 2521 2272 2638 55555111511555

1305 2630 1402 2724 phis‚
1443 2649 1478 2705 et
1505 2637 1611 2706 vitam
1636 2629 1919 2726 philosophicam
1947 2631 2001 2701 ita
2029 2629 2144 2724 pingi:
2180 2624 2272 2697 natta

1304 2737 1544 2832 πλανηθῆναι
1560 2731 1760 2833 διζήμενον
1775 2736 1932 2832 inperat
1950 2727 2110 2808 ἐσθλόν.

1818 2866 2014 2964 Philippus
2028 2859 2238 2942 Melantbon.

265 2973 308 3040 de
324 2970 440 3060 puella
458 2970 498 3038 15
513 2968 793 3064 Transylvania,
820 2995 924 3063 quam
943 2973 1045 3042 aiunt
1064 2985 1142 3064 post
1156 2995 1254 3042 mor·
1378 3057 1380 3060 Ι

255 3085 335 3142 tem
351 3071 535 3156 revixisse,
560 3085 595 3142 et
612 3072 854 3144 concionatum
880 3095 965 3148 esse.
1016 3073 1055 3146 si
1074 3076 1161 3167 quid
1189 3070 1255 3144 ha-

263 3173 365 3243 bebis
381 3173 487 3258 certi,
502 3173 671 3264 significa.
708 3174 822 3245 Nobis
833 3172 992 3246 Polonus
1008 3170 1136 3268 hospes
1150 3177 1253 3260 dixit,

264 3297 301 3344 se
319 3275 496 3345 audivisse
512 3277 548 3346 15
565 3277 799 3348 affirmantem
819 3279 931 3348 filium
941 3276 1163 3373 Hieronymi
1171 3273 1254 3348 La-

264 3373 344 3448 scii.
398 3375 504 3448 Mitto
519 3380 621 3449 vobis
638 3380 791 3469 pagellas
806 3403 885 3478 meo
903 3404 1013 3452 more.
1055 3379 1143 3451 Viro
1160 3383 1253 3473 opti-

267 3504 324 3548 mo
345 3492 378 3548 et
392 3481 493 3548 fratri
510 3505 588 3550 meo
604 3476 830 3563 charissimo,
866 3476 1082 3568 Winclero,
1106 3484 1253 3556 salutem

263 3581 360 3672 opto.
421 3579 509 3649 item
534 3581 701 3664 Musaeo,
734 3607 839 3676 quem
861 3585 994 3667 miror,
1021 3587 1183 3655 nondum
1208 3589 1251 3656 ad

264 3707 319 3752 me
337 3681 527 3774 scripsisse.
576 3679 675 3753 Bene
691 3685 781 3759 vale.
831 3682 906 3762 Cal,
928 3685 1034 3760 Febr.

977 3771 1177 3883 Phiiippus.

262 4213 328 4286 No.
342 4209 460 4288 5752.

269 4309 440 4341 Μ

609 4417 675 4507 Io.
698 4421 901 4512 Cratoni.

327 4593 405 4664 ⁴58⁸
417 4613 511 4670 apogr.
528 4597 558 4654 15
572 4598 635 4658 eod.
650 4598 735 4658 Poris.
754 4601 790 4660 D.
807 4603 840 4659 1..
853 4603 914 4660 54¹.
973 4679 989 4694 Ὦ

259 4755 485 4842 Clarissimo
501 4771 597 4864 viro,
622 4767 825 4848 eruditione
843 4786 875 4850 et
895 4775 1025 4850 virtute
1041 4781 1254 4877 praestanti

257 4865 407 4940 domino
447 4868 667 4946 Iohanni
699 4869 922 4968 Granni,
973 4877 1115 4952 doctori
1153 4886 1249 4958 artis

282 4969 442 5044 medicae
452 4973 521 5076 [V
518 4975 772 5079 ratislaviae],
788 4981 921 5080 fratri
934 5007 1002 5054 suo
1016 4986 1221 5058 carissimo.

1304 3285 1373 3358 No.
1387 3284 1501 3362 5735.

1312 3383 1483 3412 w

2157 3293 2189 3361 4,
2202 3285 2259 3344 Febr.

2133 3365 2261 3406 Μ

1567 3489 1627 3576 H.
1643 3487 2039 3600 Baamgartncro.

1374 3649 1461 3723 Epist.
1480 3648 1526 3704 lib.
1547 3649 1595 3704 Vl.
1615 3671 1640 3723 p.
1660 3650 1711 3703 207
1729 3667 1864 3789 55ὓὲὧὸ
1877 3647 1929 3702 1115
1952 3666 1984 3701 ex
2003 3647 2180 3721 autographo
2195 3645 2219 3698 15
2233 3635 2277 3695 cod·

1410 3719 1522 3774 Monac.
1539 3720 1561 3773 1.
1577 3739 1604 3792 p.
1625 3721 1681 3776 197.
1702 3737 1745 3772 cui
1864 3729 1991 3773 artocreis
2006 3717 2173 3791 adscripsit:
2196 3707 2277 3780 „liii

1411 3788 1438 3844 5.
1452 3791 1478 3846 8.
1492 3789 1572 3846 Pcbr.
1586 3809 1635 3862 per
1649 3785 1823 3844 Andresm.'’

1308 3944 1592 4046 Hieronymo
1623 3943 1990 4042 Bomgartnero,
2032 3939 2211 4019 Senatori
2237 3935 2283 4008 in·

1563 4046 1684 4148 clytus
1710 4047 1813 4122 urbis
1833 4043 2040 4144 Noriberg.

1221 4276 1228 4294 ,
1306 4189 1355 4279 S.
1380 4199 1426 4280 D.
1484 4200 1627 4274 Clariss.
1652 4201 1709 4270 vir
1733 4214 1767 4270 51
1787 4199 1898 4269 amice
1916 4197 2042 4274 caries.
2106 4184 2288 4268 Meministi

1306 4331 1426 4376 vocem
1442 4303 1595 4390 Psalmi,
1624 4297 1716 4372 Tibi
1728 4297 1835 4371 Deus
1855 4295 2056 4372 derelictus
2080 4305 2134 4372 est
2151 4310 2287 4396 pauper,

1306 4401 1475 4504 orphano
1499 4404 1631 4476 tueris
1654 4399 1816 4474 adiutor.
1865 4399 1943 4472 Hac
1964 4427 2038 4474 nos
2058 4398 2287 4474 consolatione

1305 4526 1556 4594 sustentemus,
1583 4521 1617 4578 51
1632 4509 1677 4577 51)
1698 4508 1775 4598 ipso
1788 4518 1932 4575 aeterno
1946 4519 2054 4595 patre
2066 4498 2219 4578 Domini
2231 4519 2287 4566 no-

1304 4613 1368 4684 stri
1389 4612 1467 4682 lesu
1480 4607 1636 4693 Christi,
1660 4623 1759 4701 patre
1779 4601 2028 4699 orphanorum
2054 4593 2288 4699 petamusEc·

1303 4717 1417 4786 clesiis
1448 4715 1579 4783 nostris
1600 4709 1799 4780 domesticis
1830 4722 1864 4780 et
1896 4708 2090 4778 communi
2112 4699 2289 4800 protectio-

1302 4842 1396 4888 nem.
1444 4813 1588 4888 Certum
1605 4826 1656 4882 est
1672 4813 1798 4882 iterum
1813 4811 1852 4879 iu
1869 4811 1989 4880 littore
1997 4807 2166 4880 Frisiaco
2181 4797 2288 4888 colligi

1301 4921 1490 5002 exercitus,
1518 4912 1582 4988 καὶ
1604 4908 1717 5010 φασὶ,
1747 4914 1923 4992 κελτικοῖς
1941 4911 2108 5004 μισθοῖς
2129 4901 2288 5003 συλλέγε-

1301 5021 1411 5106 σθαι,
1437 5014 1500 5091 καὶ
1522 5011 1616 5112 ὑπὲρ
1638 5019 1708 5094 τοῦ
1723 5007 1905 5114 φυγάδος.
1956 5009 2064 5086 Η555
2088 5033 2154 5083 vos
2176 5002 2287 5102 inqui·

254 5119 465 5208 Clarissimo
491 5137 603 5214 51551
631 5145 810 5218 carissime
839 5149 959 5224 frater.
1009 5147 1151 5226 ‘'Oaaos‘
1180 5147 1245 5247 e'obp
1297 5121 1712 5194 111110111111111111111·

248 5243 450 5329 grandiae,
486 5237 603 5318 ὅσσον
625 5250 748 5338 μᾶλον
767 5246 977 5347 βραβύλοιο
998 5248 1127 5342 ἅδιον,
1158 5247 1244 5325 ctia-
1296 5311 1508 5323 -.-..

251 5359 319 5410 σον
334 5335 602 5458 ἐμὲιεῦφρανας
622 5351 879 5476 dulcissima‘et
901 5356 1140 5476 eruditissima
1165 5357 1242 5474 epi:
1326 5413 1356 5484 ,η
1376 5415 1406 5466 tn
1423 5431 1477 5482 quo
1497 5431 1521 5466 Ι,
1541 5413 1571 5463 ,·„
1583 5411 1672 5480 „mg
1688 5407 1819 5464 mendose
1839 5413 1904 5463 sunt
1921 5404 1979 5462 ,155
2001 5401 2111 5466 dnbio.
2134 5399 2182 5458 ssd
2201 5391 2285 5454 rucio

248 5442 337 5514 stola
358 5466 464 5514 551555
485 5447 529 5516 55
548 5453 946 5547 555555551ιθιασεως,
983 5483 1024 5530 55
1050 5483 1121 5554 quo
1143 5482 1238 5530 succi
1361 5481 1500 5558 quomodo
1515 5479 1693 5552 5551155555.
