4668 6160
102 262 123 334 9
675 252 1107 336 attsrouatttttt
1158 254 1265 336 ΗΒ.
1291 259 1373 338 llll.
1428 259 1557 337 taos.
2091 257 2138 330 10

172 425 369 522 ·Ηιιο’·ιμΐ
386 431 569 510 amant,
603 447 791 518 aguoaeere
822 429 929 502 itiam
954 431 1088 502 debent
1140 431 1296 516 ruerint,
1325 441 1359 502 et
1377 450 1505 502 uxores
1521 443 1684 524 oportere
1700 447 1905 499 communes
1921 449 2011 515 esce,
2032 439 2066 500 ct
2081 441 2132 498 te·

103 531 252 624 ingentia
268 529 452 610 hemma
469 526 668 623 prensus
681 525 857 604 Ecelesiae
871 533 1015 604 tribuit:
1037 555 1088 617 ac,
1140 547 1194 604 tra
1219 535 1376 626 exempla
1396 534 1532 606 recitat.
1585 530 1677 601 Vide
1698 545 1813 601 autem
1838 531 1997 606 insidias.
2049 526 2131 600 Nou

106 651 146 708 ut
163 637 228 706 iam
249 635 298 704 de
318 629 538 704 uaricum
560 631 698 717 dicam,
726 649 858 730 quanta
879 637 1086 716 honestant,
1139 635 1178 705 bt
1198 637 1334 706 mentio
1360 633 1572 706 Mediatoris
1593 635 1631 704 iu
1654 634 1861 703 delinitione
1889 633 2062 716 iustitiae,
2096 646 2132 702 et

112 735 331 832 quadratum
350 733 466 816 misit,
498 739 539 805 ul
562 749 650 805 esset
671 738 849 808 reclemtor
863 751 897 808 et
910 736 1087 824 Salvator,
1139 737 1316 808 omittitur
1333 739 1389 822 id,
1414 740 1509 832 quod
1529 739 1734 829 praecedere
1753 759 1891 805 necesse
1907 747 2004 821 crat,
2029 734 2130 804 vide·

116 841 192 932 qarod
217 861 280 928 per
310 859 395 914 enm
420 836 784 926 praeteriudecretom
808 842 853 908 de
877 837 1086 910 reconcilia·
1138 839 1220 909 lioet
1233 839 1392 909 remissio
1406 853 1650 931 peccatorum,
1680 851 1715 907 et
1728 837 1970 908 reconciliatio
1986 848 2131 930 propter

113 943 193 1012 aare
212 938 383 1014 etsahtta
404 951 542 1022 andra,
562 943 675 1032 ‘quod
698 959 760 1010 aua
781 961 866 1012 voce
883 942 1085 1033 parilium,
1138 939 1391 1026 Mediatorem,
1423 941 1536 1011 lilium
1552 939 1630 1010 Dei.
1683 936 1734 1009 Ac
1754 954 1839 1009 tuuc
1863 940 1902 1010 fit
1920 933 2029 1009 homo
2048 961 2130 1030 par-

105 1067 158 1134 per
172 1035 417 1134 proplietacet
431 1035 623 1131 Apostolos
639 1062 704 1110 nos
721 1044 842 1125 docet,
867 1055 902 1113 et
918 1069 1003 1114 voce
1020 1045 1086 1112 do·
1138 1043 1246 1134 ticeps
1272 1057 1419 1114 naturae
1441 1043 1602 1128 divinae,
1629 1067 1708 1112 cum
1726 1043 1794 1110 hdc
1809 1041 1936 1130 accipit
1951 1039 2131 1110 remissio-

102 1145 225 1218 sunu
247 1142 392 1230 collegit
414 1155 595 1214 adernam
615 1138 821 1216 Ecclesiam.
872 1143 980 1234 Quod
1003 1169 1085 1215 cum
1137 1162 1220 1214 nem
1245 1158 1469 1238 peccatorum
1495 1160 1528 1216 et
1543 1168 1584 1216 ex
1599 1143 1784 1215 doloribus
1802 1143 1997 1214 inferorum
2015 1155 2129 1212 retra-

97 1245 142 1316 ita
169 1245 234 1330 tit,
258 1269 357 1318 'rcum
377 1241 499 1328 Pauli
527 1245 717 1316 conciones
735 1245 932 1333 audimus,
969 1245 1084 1318 Deum
1137 1242 1246 1320 haur.
1297 1245 1346 1318 At
1363 1243 1615 1319 Enthusiastae
1628 1246 1757 1316 omissa
1773 1245 1935 1314 doctrina
1950 1245 1994 1314 de
2008 1243 2078 1313 lide
2094 1255 2130 1312 et

96 1347 204 1438 ipsum
227 1347 331 1442 lnqtti
344 1367 408 1440 per
421 1339 490 1418 hoc
508 1367 703 1434 organum,
729 1349 915 1419 sciendum
930 1363 1025 1435 erat,
1051 1361 1085 1419 et
1136 1351 1180 1418 de
1210 1373 1294 1418 vera
1327 1351 1568 1420 consolatione
1598 1349 1736 1438 lingunt
1758 1347 1958 1416 societatem
1983 1345 2128 1416 divinae
2197 1397 2202 1407 .

92 1463 296 1520 reverenter
318 1448 488 1521 adsentiri
514 1445 678 1524 nosDeo
699 1451 904 1542 oportebat,
937 1465 971 1524 et
993 1452 1084 1522 velle
1136 1463 1284 1522 naturae
1297 1473 1371 1520 esse
1386 1475 1465 1522 suas
1478 1451 1735 1546 speculationes
1749 1471 1810 1518 seu
1825 1449 2011 1518 illabentes
2020 1447 2127 1518 ideas.

91 1552 286 1644 discipulos
300 1572 374 1622 ease
391 1550 488 1622 vocis
502 1551 664 1635 divinae,
688 1575 764 1622 nou
781 1553 1014 1625 cavillatores.
1136 1551 1262 1623 Postea
1282 1553 1498 1646 addiderunt
1522 1553 1729 1646 particulam
1753 1545 1847 1642 μετὰ
1866 1543 2056 1642 ἰσότητος,
2086 1563 2128 1620 ut

190 1651 336 1724 Accidit
348 1667 466 1726 autem
479 1653 671 1744 praecipue
687 1653 845 1724 inPauli
860 1655 1017 1747 scriptis,
1042 1665 1083 1724 ut
1135 1655 1451 1747 complecterentur
1478 1671 1657 1726 externam
1682 1666 1715 1742 et
1735 1653 1876 1722 civilem
1893 1651 2127 1722 consociatio-

89 1755 324 1826 oudacisairne
351 1753 543 1824 dilacerata
560 1753 640 1826 ‘siut
663 1755 994 1849 interpretationum
1020 1781 1083 1826 va·
1135 1779 1229 1830 nem.
1271 1755 1321 1826 lta
1336 1771 1408 1828 tota
1425 1757 1586 1828 definitio
1601 1754 1761 1850 loquitur
1773 1755 1817 1824 de
1833 1753 1965 1826 iustitia
1978 1774 2127 1844 operum

89 1857 225 1932 rietate.
284 1845 483 1948 oetgeate,
511 1867 555 1926 ιιι
575 1855 625 1927 ita
647 1857 781 1942 diam,
814 1857 1084 1951 prorsusc‘aaoc
1135 1859 1345 1929 interiorum
1366 1873 1400 1930 et
1415 1859 1650 1943 exteriorum,
1676 1857 1810 1928 nonde
1825 1879 1883 1940 ea,
1909 1875 2015 1948 quam
2030 1852 2127 1924 Pau-

88 1954 179 2032 idco
189 1959 332 2041 currit,
357 1972 390 2026 et
402 1957 634 2031 transformat
647 1955 798 2032 Pauluiu
815 1961 853 2030 in
870 1961 1081 2032 contrariam
1135 1962 1191 2032 lus
1203 1961 1364 2032 nominat
1382 1962 1551 2030 iustitiam
1573 1960 1663 2030 fidei.
1717 1958 1768 2028 lta
1784 1953 1842 2028 his
1859 1957 2004 2048 triginta
2020 1955 2127 2026 anuis

85 2061 319 2143 seutentiam,
341 2083 420 2128 cum
438 2053 495 2128 hic
511 2061 650 2128 doceat:
675 2057 763 2130 Fide
779 2061 1019 2147 iustihcamur,
1045 2063 1080 2130 id
1135 2065 1180 2132 de
1198 2061 1315 2134 nativa
1334 2061 1439 2133 Pauli
1461 2063 1636 2134 sententia
1653 2061 1863 2131 dimicamus
1879 2083 1960 2130 cum
1975 2071 2127 2151 utroque

88 2177 150 2247 est,
185 2175 334 2256 propter
356 2161 469 2230 filium
488 2157 573 2247 Dei,
598 2161 706 2252 gratis
727 2163 814 2250 lide,
839 2189 913 2234 non
938 2178 1083 2257 propter
1134 2189 1261 2254 genere
1285 2164 1605 2255 praestigiatorum,
1636 2189 1716 2234 cum
1732 2156 2064 2233 Monachisetcuro
2080 2159 2127 2230 il-

88 2282 163 2335 nost
171 2291 208 2334 ra
234 2263 324 2334 iacta
348 2285 411 2330 seu
433 2277 571 2332 nostras
589 2264 736 2333 virtutes
750 2266 941 2360 accipimus
956 2289 1082 2336 recon-
1134 2267 1177 2338 lis
1193 2267 1353 2359 superbis
1370 2267 1542 2352 fanaticis,
1567 2266 1629 2359 qui
1644 2267 1688 2334 ad
1704 2266 1808 2334 llatus
1823 2286 1906 2332 suos
1919 2261 2009 2333 falso
2024 2260 2126 2330 iacti-

88 2367 324 2459 ciliatiqntmt
358 2356 539 2456 Origenes
556 2377 678 2441 contra
693 2366 829 2460 inquit,
855 2381 1000 2461 propter
1014 2393 1082 2438 no·
1134 2381 1229 2452 tant,
1249 2383 1316 2439 eta
1334 2383 1522 2458 conspectu
1541 2369 1749 2438 meritorum
1770 2365 1835 2434 lilii
1853 2362 1922 2434 Dei
1943 2363 2126 2434 abducunt

91 2471 202 2540 titiam
227 2463 398 2536 historiae
420 2480 453 2536 et
473 2481 593 2536 nostra
608 2467 698 2537 facta
716 2469 906 2559 accipimus
922 2471 1081 2542 reconri-
1133 2469 1707 2541 montesiuadmirationemsuae
1729 2465 1908 2540 novitatis.
1957 2461 2126 2556 Comperi

91 2571 284 2642 liatiouem.
340 2564 390 2638 Et
413 2561 510 2638 hunc
531 2567 641 2640 secuti
661 2569 951 2658 suntMonachi,
979 2568 1080 2642 Tho·
1133 2587 1250 2644 autem
1274 2572 1463 2642 vanitatem
1488 2572 1702 2656 multorum,
1731 2569 1794 2662 qui
1812 2565 2125 2640 vereerautsimi-

15 2739 16 2766 3
93 2685 209 2742 maaet
225 2671 395 2762 deinceps
411 2669 491 2754 alii,
516 2671 579 2762 qui
597 2684 635 2740 ut
652 2671 838 2744 eluderent
853 2675 945 2746 dicta
963 2673 1078 2759 Pauli,
1133 2675 1183 2743 les
1213 2667 1411 2765 sepulchris
1439 2673 1524 2764 picti
1548 2673 1653 2757 foris,
1685 2671 1873 2741 artificiosa
1898 2667 2126 2738 simulatione

99 2767 350 2872 κρησφύγετον
366 2773 410 2838 de
425 2771 492 2876 fide
507 2773 654 2842 formata
669 2776 964 2863 excogitaverunt.
1002 2773 1080 2874 Au·
1133 2791 1334 2846 sanctorum
1355 2789 1535 2866 gestuum:
1565 2775 1663 2845 intus
1682 2797 1766 2844 vero
1788 2771 1889 2865 pleni
1906 2780 2007 2842 erant
2019 2791 2125 2860 apur-

103 2877 227 2964 gastiuo
251 2873 409 2946 scintilla
434 2873 577 2942 divinae
598 2875 686 2944 lucis
702 2875 839 2961 illuxit,
871 2891 913 2949 ut
930 2879 968 2946 in
985 2879 1078 2947 viam
1132 2879 1247 2950 citiae.

112 2977 249 3062 redierit,
282 2989 321 3046 et
344 2975 556 3058 ostenderit,
580 2977 667 3062 lide,
693 2977 728 3044 itl
747 2993 815 3063 est,
840 2980 988 3050 fiduciae
1010 2979 1080 3046 mi-
1232 2976 1371 3048 Deinde
1385 2975 1521 3047 etiarnsi
1537 2999 1606 3068 qua
1622 2987 1673 3044 est
1685 2969 1866 3046 inchoatio
1881 2971 2062 3051 novitatis,
2085 2971 2127 3042 in

118 3075 298 3148 scricordiac
313 3075 424 3166 gratis
437 3076 546 3167 accipi
560 3079 896 3154 reconciliationem.
938 3078 986 3150 Αι
1001 3077 1080 3150 Eu·
1131 3079 1343 3150 immensum
1371 3078 1545 3150 anteferre
1573 3077 1742 3146 debemus
1767 3075 1832 3146 filii
1855 3072 1925 3144 Dei
1951 3073 2125 3144 obedieu-

111 3171 274 3252 clusianae
299 3180 600 3250 transformarunt
617 3179 769 3250 Paulum
798 3183 837 3250 in
858 3181 1079 3252 Platonicam
1131 3183 1216 3252 tiam
1242 3176 1298 3250 his
1319 3179 1404 3272 ipsis
1420 3179 1553 3249 divinis
1570 3178 1744 3259 motibus,
1769 3177 1888 3270 quiin
1903 3175 2009 3246 nobis
2023 3175 2126 3250 finnt.

105 3277 370 3374 Philosophiam.
428 3281 565 3353 lustitia
587 3279 655 3350 Dei
677 3283 715 3350 in
729 3279 925 3373 Evangelio
948 3285 1080 3377 patefit,
1131 3282 1209 3354 Hoc
1234 3297 1482 3371 argumentum
1505 3280 1556 3372 pii
1579 3295 1613 3350 et
1631 3303 1733 3371 saepe
1756 3293 1789 3350 et
1809 3291 1941 3350 attente
1958 3277 2125 3368 cogitent,

104 3383 132 3452 id
163 3399 211 3454 est
242 3383 424 3454 delabitur
454 3383 492 3450 iu
519 3378 683 3454 homines
708 3385 805 3470 idea,
844 3400 885 3456 ut
910 3385 1022 3457 Plato
1041 3387 1078 3456 in
1132 3411 1196 3454 nec
1213 3377 1402 3456 Osr’andrt'
1420 3383 1635 3454 clamoribus
1656 3381 1847 3472 asimplic‘i
1861 3380 2028 3450 atuativa
2043 3401 2126 3448 sen·

100 3481 247 3556 Phaedro
272 3485 413 3577 iuquit:
439 3480 506 3554 hac
529 3485 606 3555 idea
628 3487 767 3556 lucente
784 3489 821 3557 in
839 3489 944 3559 nobis
958 3512 1080 3558 sumus
1132 3487 1240 3558 tentia
1256 3485 1377 3570 Pauli,
1402 3509 1510 3578 quam
1527 3479 1708 3556 Lutherus
1730 3482 1940 3567 illustravit,
1966 3493 2002 3552 et
2018 3504 2124 3575 quam

99 3585 170 3658 iusti
184 3604 217 3660 ct
232 3589 345 3676 legem
361 3587 562 3676 implemus.
616 3585 744 3658 Nostra
760 3605 855 3660 aetas
872 3587 979 3662 habet
997 3591 1078 3659 imi·
1131 3587 1309 3660 Ecclesiae
1326 3587 1519 3658 Saxonicae
1535 3589 1679 3669 docent,
1705 3585 1835 3655 abduci
1852 3584 2036 3657 aestuant.

97 3703 215 3760 catores
234 3680 464 3780 etOrigcna's
487 3683 856 3766 etEntbusiastarum.
906 3687 1077 3763 Monachi
1232 3687 1332 3758 Nova
1361 3688 1671 3780 grandiloquentia
1700 3701 1829 3758 tonans
1862 3700 1896 3756 et
1929 3683 2125 3756 fulminans

96 3787 201 3861 adbuc
224 3791 458 3860 deliramenta
483 3813 545 3860 sua
568 3793 929 3866 mordicusretiuent.
980 3794 1078 3864 Aua·
1132 3785 1323 3864 Osionder
1345 3789 1495 3860 Paulum
1519 3792 1569 3860 sic
1592 3791 1862 3879 iuterpretatur:
1897 3785 2034 3858 lustitia
2056 3783 2124 3856 Dei

95 3893 259 3986 baptistae
274 3893 406 3962 iactant
423 3891 519 3962 illam
536 3911 637 3962 suam¹
654 3893 789 3980 ideam,
815 3921 884 3990 qua
908 3897 1079 3968 transfor·
1132 3897 1169 3966 in
1186 3893 1382 3983 Evangelio
1398 3893 1593 3974 revelatur,
1619 3891 1783 3962 videlicet
1801 3889 1936 3962 iustitia
1955 3887 2125 3958 essentia-

91 3998 172 4066 rnari
195 4020 234 4065 se
257 3994 474 4083 gloriantur,
507 4006 540 4062 et
565 3995 669 4063 nohis
690 3998 829 4067 rabiosa
852 3999 1078 4080 maledicunt,
1132 3999 1186 4070 lis.
1240 3995 1315 4065 lmo
1338 4019 1421 4064 vero
1444 3989 1530 4063 haec
1555 3993 1593 4062 in
1618 3993 1693 4080 lege
1708 3993 1893 4084 patefacta,
1925 4003 1960 4060 et
1974 4013 2071 4060 nunc
2086 3989 2125 4056 in

91 4101 177 4192 quod
196 4098 361 4180 dicimus,
381 4097 444 4164 etsi
462 4095 498 4165 fit
515 4091 694 4168 inchoatio
708 4100 929 4169 obedieutiae
945 4102 982 4168 in
999 4124 1077 4168 cor·
1131 4101 1207 4187 lege
1231 4097 1350 4188 patefit
1372 4091 1456 4164 baec
1473 4095 1625 4178 iustitia,
1651 4119 1718 4187 qua
1734 4093 1827 4162 lilius
1843 4091 1908 4162 Dei
1928 4115 1993 4160 rros
2010 4092 2125 4171 vestit,

92 4203 188 4268 dibus
203 4225 223 4268 a
240 4198 381 4288 Spiritu
395 4211 526 4276 sancto,
554 4211 671 4268 tamen
686 4203 867 4272 eredentes
882 4203 991 4274 iustos
1006 4225 1078 4271 esse
1131 4203 1268 4270 donans
1288 4197 1394 4266 uobis
1417 4197 1659 4266 remissionem
1673 4209 1894 4287 peccatorum
1914 4208 1948 4265 et
1965 4191 2124 4262 reconci-

15 4361 16 4372 ,
92 4315 229 4392 propter
260 4301 372 4368 filium
397 4295 482 4382 Dei,
523 4301 963 4386 haltrcia‘misericordiae,
1003 4329 1076 4372 uon
1133 4303 1334 4382 liatiouem',
1368 4317 1474 4392 quam
1494 4298 1624 4366 meruit
1649 4320 1710 4366 sua
1735 4295 1955 4376 obedientia,
1989 4307 2123 4362 etcum

92 4419 229 4494 propter
251 4403 331 4470 illus
353 4425 462 4469 novas
482 4399 639 4474 virtutes.
691 4400 1075 4477 t'erusbocceuuueu
1131 4401 1418 4476 reconciliatione
1450 4400 1557 4468 simul
1587 4397 1811 4488 amplectitur
1841 4419 1904 4464 nos
1933 4395 2008 4484 ipse
2031 4393 2125 4462 filius

93 4519 153 4588 est,
178 4521 212 4576 et
234 4525 376 4594 semper
398 4501 435 4570 in
460 4497 617 4573 Ecclesia
642 4507 786 4577 fuerunt
806 4505 912 4579 multi
934 4504 1078 4578 Enthu-
1130 4505 1196 4576 D'ei
1223 4519 1257 4575 et
1279 4503 1398 4572 reddit
1414 4501 1518 4570 nobis
1532 4501 1661 4571 vitam.
1688 4512 1722 4569 et
1736 4499 1797 4568 dat
1815 4497 1919 4566 nohis
1934 4497 1978 4566 de
1996 4493 2125 4586 spiritu

93 4607 233 4688 siastae,
267 4603 331 4698 qui
358 4605 454 4672 illam
478 4605 666 4694 gloriosam
692 4609 898 4699 sapientiam
920 4623 1077 4680 ostenta·
1130 4635 1205 4682 stro.
1266 4603 1492 4697 Quamquam
1520 4616 1637 4672 autem
1659 4600 1771 4670 renati
1796 4609 1879 4668 sunt
1902 4597 2124 4667 domicilium

93 4723 179 4782 mut.
232 4705 340 4778 Unde
363 4719 397 4774 ct
417 4719 517 4776 vetus
534 4707 722 4798 descriptio
740 4711 894 4780 iustitiae
911 4713 1078 4781 recitatur
1129 4709 1213 4778 Dci:
1242 4722 1358 4796 tamen
1381 4705 1494 4774 multo
1518 4703 1632 4796 pluris
1655 4703 1791 4772 faciunt
1807 4699 2045 4770 obedientiam
2059 4697 2124 4766 lilii

94 4815 173 4900 apud
191 4803 414 4880 Clementem
423 4803 746 4880 Alexandrinum:
771 4805 988 4908 δικαιοσύνη
1002 4808 1078 4886 ἐστὶ
1129 4811 1214 4895 Dei,
1239 4831 1345 4901 qrram
1361 4801 1425 4876 bas
1440 4805 1579 4876 divinas
1594 4805 1746 4874 actiones
1763 4803 1800 4870 in
1818 4801 1913 4892 ipsis.

95 4907 262 4984 κοινωνία
280 4911 373 4984 Θεοῦ
385 4905 479 5003 μετὰ
492 4904 670 5004 ἰσότητος.
1233 4909 1328 4982 Utile
1360 4922 1412 4980 est
1439 4908 1663 4978 considerare
1687 4918 1720 4974 et
1746 4899 1907 4974 conferre
1935 4899 2124 4972 dissimiles

182 5013 289 5084 Hanc
312 5011 534 5104 splendidam
557 5013 832 5104 descriptionem
849 5013 1076 5084 admirabau·
1129 5011 1459 5103 interpretationes,
1486 5025 1519 5080 ct
1533 5009 1671 5087 videre,
1697 5029 1786 5100 qttae
1800 5005 1848 5076 sit
1864 5005 2024 5096 proxima
2040 5003 2124 5081 lon·

101 5125 140 5186 tu·
157 5109 336 5186 homiues.
387 5112 480 5204 Quis
499 5115 594 5182 auhn
611 5117 784 5184 nonvelit
804 5117 914 5186 videri
934 5117 1077 5188 divinae
1131 5117 1245 5194 tibus,
1279 5127 1315 5184 et
1342 5125 1513 5201 congruat
1536 5134 1616 5180 cum
1642 5122 1812 5200 perpetuo
1836 5127 2010 5176 consensu
2032 5101 2125 5174 Pro-

94 5231 230 5288 oaturae
253 5215 451 5308 particeps?
509 5213 649 5286 Deinde
670 5217 756 5309 quid
781 5217 919 5288 dulcius
942 5231 1077 5288 estno-
1131 5211 1316 5309 phalarum
1346 5229 1382 5285 et
1404 5211 1672 5305 Apostolorum.
1741 5205 1822 5278 Non
1848 5209 2015 5290 obscura,
2050 5230 2122 5273 nou

92 5319 176 5386 nine
199 5317 448 5410 aequalitatis?
482 5319 576 5410 quod
603 5319 746 5410 quidem
768 5332 854 5388 tunc
875 5321 923 5390 ita
947 5321 1076 5411 ampli·
1129 5317 1312 5410 perplexa,
1361 5329 1411 5386 est
1446 5313 1608 5384 doctrina
1637 5325 1839 5382 nostrarum
1872 5305 2124 5384 Ecclesiarcun,

93 5415 199 5488 beasse
222 5419 391 5490 fanaticos
415 5414 578 5490 homines
599 5421 721 5493 scribit
737 5411 924 5507 Clemens,
949 5435 988 5492 ut
1011 5425 1076 5490 do·
1130 5444 1218 5513 qrrae
1233 5429 1268 5489 et
1284 5421 1328 5489 de
1343 5415 1559 5511 poenitentia
1574 5415 1680 5508 plane
1695 5411 1947 5494 concionatur,
1971 5419 2007 5478 et
2021 5431 2125 5478 mou-
