4814 6172
122 231 290 355 'ess

370 433 509 516 Reclar
531 427 753 506 Academiae
775 421 818 504 V
814 419 1060 518 icetergensts.

217 589 353 671 Annus
376 589 436 664 hic
458 603 510 660 est
531 585 690 678 aprimo
704 573 894 662 Pascbate,
921 575 1016 667 quod
1034 567 1214 640 israelitae

218 697 349 771 exituri
372 719 413 765 ex
428 689 590 786 Aegypto
616 686 858 764 celebrarunt,
892 677 1004 750 5068.
1055 671 1129 742 Tot
1150 693 1215 739 an-

219 827 285 873 nos
308 796 478 870 continua
495 791 583 861 serie
602 803 636 858 et
654 783 807 856 servavit
823 781 917 850 lilius
933 777 1003 849 Dei
1019 769 1213 844 Ecclesiam

221 927 338 986 suam,
363 915 398 972 et
420 915 607 986 agnoscere
626 913 665 960 ac
681 887 858 956 celebrare
874 907 950 951 eam
968 903 1029 948 sua
1045 874 1213 946 beneficia

221 1004 347 1078 voluit.
405 995 570 1077 Servabit
597 991 702 1060 etiam
726 987 893 1076 deinceps
915 977 1007 1051 hanc
1030 979 1142 1070 ipsam
1167 975 1214 1044 ob

222 1127 386 1186 causam,
420 1123 465 1168 ne
489 1097 528 1166 in
550 1117 676 1186 genere
700 1085 858 1160 humano
883 1084 1109 1172 extinguatur
1132 1101 1214 1146 vera

223 1209 334 1300 ipsius
359 1201 490 1273 noticia
516 1211 549 1268 et
572 1192 748 1266 invocatio
768 1188 847 1260 Dei.
898 1177 1083 1274 seet'proh
1100 1180 1214 1259 dolor,

222 1323 262 1382 nt
281 1307 345 1380 sot
368 1303 486 1374 medio
503 1301 561 1370 die
577 1299 693 1367 lucem
711 1291 847 1374 amisit,
881 1301 915 1356 et
929 1297 1052 1356 contra
1067 1297 1215 1352 naturae

223 1411 388 1484 ordinem
414 1404 550 1475 subitae
570 1400 735 1470 tenebrae
758 1395 921 1473 luerunt,
955 1411 1034 1457 cum
1059 1385 1096 1453 in
1113 1407 1215 1454 cruce

224 1513 319 1584 lilius
338 1509 409 1580 Dei
424 1505 612 1600 penderet:
647 1499 695 1569 ita
713 1495 752 1564 in
770 1489 836 1562 hac
853 1489 978 1560 mundi
994 1499 1131 1557 senecta
1150 1498 1217 1554 tn-

225 1630 294 1686 stes
317 1611 483 1684 tenebrae
500 1616 607 1676 erunt
622 1601 659 1669 in
678 1619 803 1686 magna
820 1605 917 1685 parte
934 1591 1071 1680 generis
1087 1583 1215 1658 huma-

226 1719 282 1800 ni,
314 1730 352 1786 ιιι
376 1711 539 1781 videmus
560 1705 600 1774 in
621 1723 747 1789 magna
773 1711 872 1788 parte
896 1690 1002 1763 Asiae
1027 1705 1060 1761 et
1082 1691 1215 1758 intuta

227 1817 346 1890 Airica
367 1828 471 1906 atque
488 1808 650 1900 Aegypto
667 1801 796 1871 deletas
816 1821 888 1866 esse
903 1793 1097 1878 Ecclesias,
1122 1805 1163 1888 ,et
1177 1789 1217 1858 in

225 1941 353 2007 magna
370 1912 535 2002 Europae
561 1919 660 1998 parte
675 1900 862 1972 Pontifices
884 1911 918 1968 et
930 1895 1045 1984 Reges
1066 1889 1216 1963 horren-

227 2028 273 2091 da
299 2014 491 2112 pertinacia
514 2008 702 2080 stabiliunt
723 2001 829 2074 idola.
887 1997 1026 2072 Recens
1051 1997 1155 2066 etiam
1178 1994 1217 2061 iu

113 2189 116 2194 .
230 2117 425 2194 Germania
441 2110 605 2184 Bavarici
620 2104 790 2199 Episcopi
810 2127 903 2172 nova
917 2101 1030 2171 edicta
1046 2095 1217 2186 sanguine

229 2223 357 2316 scripta
374 2224 651 2310 proposuerunt,
685 2221 813 2278 etcum
832 2205 974 2272 videant
991 2203 1114 2270 ardere
1129 2196 1219 2267 vici-

230 2327 327 2396 niam
350 2317 488 2412 ingenti
508 2316 621 2398 bello,
655 2311 725 2403 ipsi
748 2309 894 2397 insuper
917 2302 1162 2373 crudelitatem
1178 2299 1218 2367 in

231 2431 323 2498 cives
340 2434 513 2494 exercent.
555 2415 647 2506 Quis
665 2434 740 2482 non
756 2403 978 2480 cohorrescat
992 2399 1078 2474 haec
1091 2401 1219 2473 tristis-

230 2533 318 2602 sima
343 2521 556 2616 spectacula,
600 2531 634 2588 et
658 2510 722 2584 has
743 2509 968 2581 confusiones
990 2504 1126 2595 generis
1149 2497 1218 2572 hu-

231 2629 328 2702 mani
353 2623 519 2696 intuens?
568 2617 725 2710 Reliqua
748 2626 801 2683 est
823 2624 941 2682 autem
959 2609 1081 2698 exigua
1095 2605 1220 2674 multi-

231 2735 320 2806 tudo
345 2730 384 2799 in
410 2722 476 2796 hac
496 2719 642 2793 horrida
658 2715 793 2788 Boreae
809 2738 889 2795 ora,
918 2734 1007 2804 quae
1024 2709 1161 2802 pulsam
1178 2730 1218 2775 ex

232 2832 337 2912 Asia,
378 2825 500 2900 Airica
540 2838 575 2894 et
607 2841 734 2908 magna
767 2813 933 2906 Europae
965 2825 1063 2902 parte
1096 2833 1218 2879 vocem

230 2931 418 3022 Evangelii
447 2939 558 2998 sonat.
622 2919 665 2991 ln
698 2915 754 2990 bis
777 2915 936 3010 reliquiis
958 2936 1161 3008 quanquam
1185 2921 1220 2980 et

230 3034 298 3108 hae
322 3033 417 3106 varie
439 3031 653 3100 lacerantur:
686 3035 804 3093 tamen
830 3028 952 3107 regnat
970 3015 1063 3086 filius
1081 3013 1146 3086 Dei
1163 3036 1218 3082 re·

232 3138 434 3218 suscitatus,
460 3145 494 3202 et
518 3141 558 3198 ut
571 3147 709 3216 semper
727 3123 766 3192 in
780 3122 884 3191 nobis
900 3131 1044 3208 regnet,
1069 3115 1220 3186 assiduis

231 3240 324 3311 votis
348 3259 429 3307 eum
450 3251 610 3310 oremus,
652 3227 743 3296 sicut
765 3224 916 3292 orabant
942 3219 1127 3310 discipuli,
1157 3217 1219 3310 qui

133 3377 136 3384 ·
232 3343 411 3412 dixerunt:
438 3357 541 3405 mane
555 3329 740 3401 nobiscum
756 3323 929 3408 Domine,
950 3321 1035 3414 quia
1051 3321 1221 3412 advespe-

234 3443 337 3516 favii·

335 3539 579 3614 Certissimum
603 3547 654 3604 est
672 3545 808 3610 autem,
836 3539 973 3600 tantum
996 3513 1093 3594 iniis
1108 3522 1221 3611 agmi-

234 3647 343 3717 nibus
371 3663 555 3712 mansuras
584 3659 657 3705 esse
681 3631 859 3703 Ecclesiae
890 3630 1020 3698 electae
1040 3625 1220 3718 reliquias,

234 3749 297 3820 ubi
326 3769 393 3814 vox
413 3739 553 3812 sonabit
573 3734 760 3826 Evangelii
781 3733 1003 3822 incorrupta,
1033 3751 1124 3822 quae
1146 3725 1221 3794 sine

236 3848 418 3920 doctrinae
449 3842 575 3913 studiis
606 3834 808 3908 conservari
837 3857 911 3902 non
932 3843 1057 3922 potest.
1116 3827 1222 3898 Tunc

235 3953 333 4022 adest
346 3943 523 4017 Ecclesiae
545 3941 639 4010 lilius
656 3938 745 4020 Dei,
772 3936 833 4030 qui
854 3945 907 4004 est
922 3924 1047 4030 λόγος,
1074 3953 1154 3999 cum
1169 3929 1221 3998 le-

235 4065 387 4146 guntur,
431 4047 626 4118 audiuntur
659 4053 693 4110 et
725 4039 783 4130 pie
816 4038 1017 4126 cogitantur
1042 4053 1222 4102 sermones

236 4157 330 4238 eius,
358 4151 449 4222 sicut
465 4149 539 4240 ipse
554 4143 689 4238 inquit:
715 4141 744 4210 si
761 4139 840 4234 quis
855 4138 972 4226 diligit
988 4161 1062 4219 me,
1088 4157 1221 4203 sermo-

237 4281 316 4328 nem
342 4275 461 4322 meum
487 4247 659 4328 servabit,
692 4257 725 4314 et
746 4257 843 4334 pater
863 4263 964 4309 meus
987 4238 1111 4326 diliget
1129 4259 1222 4320 eum,

236 4373 270 4430 et
290 4359 334 4428 ad
360 4380 439 4426 eum
460 4353 642 4420 veniemus
667 4359 700 4416 et
720 4343 940 4412 mansionem
962 4341 1056 4430 apud
1072 4363 1151 4407 eum
1167 4337 1221 4406 la-

237 4460 378 4532 ciemus.
430 4453 645 4544 Quicunque
668 4459 783 4516 autem
804 4439 889 4513 haec
904 4441 1019 4512 studia
1038 4439 1221 4521 abiiciunt,

237 4563 282 4630 ab
300 4555 357 4628 bis
380 4555 529 4627 discedit
552 4553 645 4620 filius
667 4545 754 4631 Dei,
781 4559 816 4617 et
835 4545 962 4616 amisso
986 4537 1053 4611 hoc
1077 4543 1220 4611 custode

145 4673 151 4680 '
237 4675 432 4754 sequuntur
464 4655 570 4724 multi
602 4649 686 4722 tetri
715 4649 873 4726 sorores,
918 4639 998 4738 ut¹)
1032 4638 1219 4714 horribilia

236 4763 393 4852 exempla
426 4757 618 4849 impiorum
651 4751 818 4821 omnibus
852 4745 1071 4838 temporibus
1103 4759 1221 4815 osten-

237 4869 346 4948 dunt,
377 4875 412 4932 et
433 4859 621 4928 minitatur
640 4851 737 4926 Deus
756 4853 850 4940 apud
871 4847 1044 4920 Hoseam:
1077 4846 1161 4940 quia
1181 4857 1221 4913 ιιι

236 4961 416 5038 scientiam
439 4959 619 5048 repulisti,
644 4952 810 5044 repellam
830 4965 882 5034 te,
908 4963 942 5021 et
958 4947 1069 5020 oblita
1086 4971 1121 5017 es
1135 4945 1221 5035 legis

236 5065 304 5138 Dei
325 5063 396 5146 tui,
421 5059 609 5128 obliviscar
629 5057 783 5124 filiorum
800 5065 942 5122 tuorum
960 5063 994 5121 et
1008 5071 1083 5139 ego.
1135 5045 1220 5116 Plus

238 5191 343 5263 qnam
372 5165 525 5233 ferreum
554 5171 672 5249 pectus
701 5168 771 5240 est,
805 5155 900 5248 quod
929 5147 995 5221 hac
1022 5148 1220 5222 tristissima

237 5263 512 5340 comminatione
537 5282 610 5328 non
633 5271 807 5330 movetur.
868 5251 989 5346 Quare
1011 5265 1047 5326 et
1070 5250 1222 5324 docende

268 5455 297 5524 1)
318 5458 362 5522 ut]
377 5441 504 5519 rescripsi
516 5459 569 5516 pro
584 5446 623 5496 el.

793 239 1231 328 aristobulum
1286 233 1500 312 tinxtt.
1554 231 1685 322 teat,

2181 229 2262 308 260

1266 422 1300 480 et
1323 407 1482 478 discendi
1505 407 1643 478 labores
1667 403 1856 492 iaciamus,
1888 418 1924 477 et
1946 404 2182 495 adiungamus
2205 401 2270 470 in-

1269 511 1507 596 vocationem,
1533 523 1572 580 ιιι
1586 507 1681 578 filius
1697 506 1763 578 Dei
1780 531 1845 576 nos
1862 522 1960 598 regat
1976 520 2011 578 et
2026 507 2183 578 adiuvet.
2216 501 2272 576 Et

1266 613 1428 697 sciamus,
1455 635 1539 680 voce
1554 605 1754 699 Evangelii,
1780 633 1855 678 non
1870 609 1984 694 aliter,
2009 606 2130 698 colligi
2146 619 2271 676 aeter-

1266 739 1348 783 nam
1373 709 1588 798 Ecclesiam,
1627 725 1662 796 ει
1694 710 1838 804 quidem
1871 709 1908 778 in
1933 705 1999 781 bac
2022 707 2166 780 mortali
2189 707 2272 780 vita

1267 829 1428 908 oportere
1446 813 1591 884 accendi
1608 812 1711 882 initia
1727 812 1819 882 vitae
1835 825 2017 895 aeternae,
2051 809 2154 884 Sicut
2167 805 2275 878 Pau-

1268 919 1322 988 lus
1346 917 1480 1010 inquit:
1521 913 1838 1006 superinduemur,
1879 914 1908 984 si
1931 927 2049 984 tamen
2071 935 2147 982 non
2171 911 2276 982 nudi

1268 1019 1494 1112 reperiemur.
1520 1013 1570 1087 Et
1586 1041 1665 1086 cum
1680 1015 1797 1110 inquit
1807 1013 1958 1086 Paulus:
1982 1017 2095 1086 tradet
2111 1035 2274 1102 regnum

1267 1120 1344 1192 Deo
1367 1134 1400 1190 et
1415 1119 1524 1212 patri,
1551 1117 1743 1208 significat,
1770 1117 2013 1186 collectionem
2026 1112 2207 1186 Ecclesiae
2223 1115 2275 1186 in

1268 1219 1334 1292 bac
1351 1223 1421 1292 vita
1439 1221 1584 1312 proprie
1600 1219 1665 1290 filii
1684 1241 1831 1308 regnum
1847 1241 1930 1304 esse,
1956 1219 1994 1288 in
2010 1241 2081 1312 quo
2098 1216 2279 1292 videlicet

1269 1349 1354 1394 voce
1367 1321 1555 1412 Evangelii
1579 1335 1631 1392 est
1649 1321 1787 1404 efficax,
1820 1334 1871 1392 est
1890 1322 2112 1412 deprecator,
2137 1319 2276 1390 delen-
2376 1387 2378 1398 ,

1186 1485 1196 1502 .
1267 1439 1375 1496 soret
1389 1438 1558 1495 servator.
1608 1421 1733 1492 Postea
1747 1423 2025 1510 tradetregnum
2040 1434 2186 1492 aeterno
2201 1445 2276 1514 pa-

1268 1528 1334 1613 tri,
1359 1527 1398 1596 id
1423 1539 1493 1608 est,
1526 1525 1676 1594 adducet
1693 1522 1895 1594 universam
1911 1519 2104 1594 Ecclesiam
2122 1523 2161 1592 in
2177 1548 2274 1594 con-

1269 1643 1425 1721 spectum
1456 1628 1552 1708 eins,
1593 1641 1633 1696 ut
1663 1626 1736 1716 ipsa
1760 1624 1884 1694 divina
1906 1625 2068 1696 maiestas
2090 1623 2161 1696 iarn
2189 1627 2273 1698 sine

1269 1729 1468 1800 ministerio
1489 1726 1677 1817 Evangelii
1701 1727 1739 1794 in
1761 1727 1841 1797 luce
1863 1727 2048 1797 maniiesta
2064 1727 2271 1820 conspicia-

1269 1847 1339 1916 tur,
1365 1856 1429 1900 nec
1444 1833 1597 1901 luctetur
1613 1829 1696 1898 fides
1712 1851 1792 1896 cum
1807 1828 2104 1914 dubitationibus,
2130 1853 2172 1900 ac
2188 1843 2264 1900 tum

1269 1935 1314 2006 sit
1330 1930 1427 2004 Dens
1442 1931 1562 2004 omnia
1579 1932 1619 2000 in
1634 1929 1820 2011 omnibus,
1843 1953 1917 2000 sese
1936 1931 2041 2002 nobis
2058 1933 2259 2003 communi-

1269 2059 1369 2116 cans,
1406 2048 1442 2104 et
1474 2057 1557 2104 suae
1590 2031 1786 2125 sapientiae
1812 2045 1848 2102 et
1873 2033 2033 2103 iusticiae
2058 2033 2172 2104 radiis
2199 2059 2259 2105 nos

1269 2138 1468 2229 complens,
1493 2149 1527 2205 et
1542 2137 1680 2204 donans
1695 2147 1874 2204 aeternam
1891 2133 2001 2205 vitam
2016 2159 2057 2204 ac
2074 2135 2268 2212 laeticiam.

1271 2235 1361 2330 Aget
1378 2239 1486 2329 igitur
1500 2250 1586 2306 tunc
1602 2236 1721 2305 omnia
1739 2236 1777 2304 in
1796 2235 1963 2306 omuibus
1980 2237 2111 2322 beatis,
2147 2239 2185 2308 id
2205 2253 2270 2325 est,

1272 2365 1344 2410 nou
1378 2339 1593 2431 impedietur
1618 2337 1860 2407 imbecillitate
1886 2351 2025 2424 nostra,
2064 2339 2170 2411 utin
2201 2337 2270 2412 bac

1271 2441 1410 2512 mortali
1427 2443 1517 2520 vita,
1548 2439 1685 2508 etiamsi
1702 2438 1877 2508 scintillae
1893 2437 1984 2510 lucis
2000 2464 2164 2514 accensae
2181 2445 2272 2534 sint,

1271 2559 1390 2616 tamen
1404 2538 1520 2612 adbuc
1535 2541 1641 2610 simul
1657 2553 1708 2611 est
1723 2540 1896 2616 sordium.
2228 2555 2232 2564 '

1372 2745 1462 2819 Cum
1488 2747 1596 2838 igitur
1616 2746 1655 2816 in
1671 2741 1841 2816 Paschate
1863 2768 2004 2816 necesse
2024 2745 2065 2814 sit
2082 2743 2124 2813 de
2139 2765 2258 2834 regno

1271 2845 1405 2922 Christi
1421 2851 1585 2940 cogitare,
1605 2873 1678 2918 non
1694 2849 1930 2918 existimemus
1944 2873 2026 2918 eum
2040 2847 2087 2918 sic
2097 2869 2263 2937 regnare,

1270 2966 1311 3023 ut
1331 2952 1464 3022 alicubi
1488 2954 1627 3023 ociosus
1651 2951 1790 3021 fruatur
1813 2962 1952 3020 tantum
1974 2973 2038 3019 sua
2056 2950 2264 3044 tranquilli·
2337 2993 2342 3001 -

1272 3069 1353 3128 tate.
1404 3052 1535 3125 Procul
1558 3052 1750 3124 exanimis
1773 3051 1955 3122 eliciamus
1976 3047 2040 3122 has
2060 3047 2267 3146 prophanas

1272 3157 1561 3247 imaginationes,
1596 3168 1630 3224 et
1651 3178 1733 3224 vere
1756 3177 1986 3244 agnoscamus
2010 3155 2090 3224 ideo
2112 3153 2265 3226 missum

1272 3282 1345 3328 esse
1362 3259 1477 3329 filium
1495 3261 1539 3328 ad
1558 3255 1753 3327 Ecclesiam
1770 3255 1893 3342 initio,
1924 3270 1963 3326 ut
1980 3281 2021 3326 ex
2035 3281 2165 3327 arcano
2183 3258 2262 3328 siun

1272 3361 1407 3432 aeterni
1431 3361 1538 3450 patris
1553 3383 1673 3428 vocem
1689 3354 1876 3448 Evangelii
1893 3359 2085 3449 proferret,
2110 3373 2146 3430 et
2160 3360 2258 3430 colli·

1272 3476 1331 3552 gat
1345 3459 1558 3544 Ecclesiam,
1585 3462 1736 3552 ideoque
1758 3461 1938 3530 decretum
1957 3484 2030 3530 esse
2050 3461 2203 3548 iactum,
2224 3479 2264 3534 ut

1274 3567 1438 3634 indueret
1451 3583 1601 3632 massam
1618 3562 1730 3631 nostri
1748 3562 1904 3650 generis,
1934 3575 1974 3632 ut
1989 3585 2055 3632 nos
2070 3564 2168 3636 velut
2186 3589 2266 3634 sur-

1274 3668 1372 3737 culos
1404 3666 1472 3735 sibi
1506 3665 1657 3734 insertos
1691 3675 1856 3753 gestaret:
1905 3677 1940 3734 et
1969 3667 2155 3756 adsumpta
2193 3667 2266 3736 iam

1274 3793 1384 3836 massa
1415 3781 1556 3836 nostrae
1582 3779 1729 3834 naturae
1754 3779 1788 3835 et
1810 3766 2031 3853 resuscitata,
2064 3780 2271 3854 testaretur,

1274 3895 1309 3939 se
1334 3870 1438 3940 nobis
1461 3869 1568 3938 simul
1591 3869 1816 3938 redditurum
1836 3891 1910 3938 esse
1925 3868 2055 3953 vitam,
2087 3869 2270 3942 iusticiam

1273 3986 1308 4043 et
1329 3973 1503 4042 laeticiam
1528 3983 1718 4038 aeternam.
1777 3965 1831 4040 Ac
1856 3985 1948 4040 stare
1970 3970 2040 4040 iam
2067 3971 2106 4040 in
2130 3995 2268 4046 arcano

1273 4075 1420 4145 consilio
1436 4073 1503 4150 Dei
1518 4067 1615 4142 hunc
1631 4071 1874 4156 mediatorem,
1891 4067 2007 4142 Deum
2019 4085 2054 4143 et
2068 4067 2268 4161 bominem,
2302 4063 2306 4070 ’

1273 4201 1312 4246 ac
1331 4203 1394 4268 pro
1413 4175 1516 4245 nobis
1531 4174 1699 4243 omnibus
1715 4173 1952 4260 intercedere,
1985 4187 2020 4244 et
2034 4173 2141 4245 simul
2154 4177 2268 4250 nobis

1273 4281 1403 4358 adesse,
1428 4290 1461 4346 et
1478 4275 1643 4366 colligere
1660 4289 1694 4346 et
1709 4299 1847 4344 servare
1861 4289 2039 4348 aeternam
2053 4271 2269 4370 Ecclesiam,

1273 4405 1339 4451 nos
1359 4381 1566 4462 defendere,
1597 4392 1631 4449 et
1654 4377 1929 4448 velutmanibus
1943 4378 2017 4450 suis
2033 4391 2187 4470 gestare3
2216 4380 2270 4450 si-

1273 4497 1332 4554 cut
1353 4482 1428 4574 ipse
1453 4481 1586 4574 inquit:
1622 4503 1699 4550 ecce
1721 4501 1784 4568 ego
1800 4479 1982 4552 vobiscum
1998 4503 2076 4552 sum
2090 4485 2271 4576 usquead

1273 4584 1612 4656 consummationem
1628 4581 1749 4652 seculi.
1795 4577 1846 4652 Et
1860 4583 1905 4650 ad
1920 4605 1993 4652 sese
2014 4605 2080 4652 nos
2095 4585 2265 4658 accersit:

1274 4687 1392 4756 venite
1414 4689 1456 4755 ad
1482 4711 1539 4754 me
1562 4708 1684 4754 omnes
1701 4681 1761 4777 qui
1777 4683 1944 4756 laboratis
1961 4696 1994 4754 et
2009 4685 2149 4755 onerati
2166 4689 2267 4772 estis,

1273 4803 1307 4859 et
1331 4811 1394 4877 ego
1418 4787 1570 4856 reficiam
1591 4809 1665 4859 vos.
1716 4781 1764 4854 Et
1789 4783 1827 4854 in
1844 4781 1986 4854 Psalmo
2001 4785 2147 4856 dicitur:
2183 4787 2264 4860 Soli

1273 4891 1389 4982 posuit
1412 4885 1679 4960 tabernaculum
1703 4885 1742 4954 in
1764 4886 1832 4972 eis,
1866 4885 2029 4956 videlicet
2051 4883 2198 4960 Christo
2223 4891 2262 4962 in

1271 4987 1440 5062 Ecclesia.
1491 4987 1539 5060 Et
1561 4989 1635 5082 ipsc
1655 5001 1823 5080 tanquam
1840 5010 1991 5078 sponsus
2006 4991 2202 5082 procedens
2216 4995 2264 5065 de

1273 5089 1429 5164 thalamo
1445 5115 1529 5175 suo,
1554 5089 1685 5160 exultat
1700 5103 1740 5158 ut
1754 5087 1850 5179 gigas
1869 5091 1914 5158 ad
1928 5093 2147 5162 currendum
2163 5093 2263 5166 νίιω

1210 5249 1219 5267 .
1272 5218 1392 5279 ιιιιιιι,
1418 5197 1516 5263 adest
1536 5187 1612 5278 bis,
1637 5191 1801 5284 quicum
1824 5214 1908 5262 vera
1928 5191 1997 5262 lide
2011 5191 2200 5282 invocant,
2225 5213 2264 5271 et

1272 5295 1427 5366 restituit
1447 5294 1485 5364 in
1509 5293 1559 5364 eis
1582 5293 1690 5364 vitam
1714 5305 1749 5363 et
1770 5291 1968 5378 iusticiam,
1998 5307 2033 5365 et
2052 5310 2173 5370 servat
2188 5321 2262 5386 eos,

1272 5422 1313 5470 ac
1326 5409 1367 5469 ut
1385 5393 1495 5488 Gigas
1509 5395 1655 5490 depellit
1668 5395 1856 5468 frementes
1872 5391 2047 5474 diabolos.
