4808 6176
220 256 297 338 tao

221 433 334 528 ipsius
361 445 496 526 patrem
522 431 639 504 virum
671 433 819 524 dignum
839 431 960 502 favore
982 425 1215 500 celsitudinis

222 549 380 620 vestrae,
405 547 440 605 et
453 548 599 626 propter
614 534 844 606 adolescentis
863 535 1029 626 pietatem
1054 553 1134 622 erga
1151 553 1215 622 pa-

222 639 328 710 triam
345 633 596 722 Rostochiam,
620 651 661 708 ut
683 635 865 709 Celsitudo
886 648 1000 704 vestra
1024 635 1217 705 clementer

223 737 292 836 hoc
314 763 459 810 carmen
483 739 649 832 accipiat,
676 752 711 810 et
733 737 1018 810 benevolentiam
1045 759 1126 828 erga
1148 733 1218 806 Pa·

225 855 315 914 trem
337 841 503 915 declaret.

328 941 427 1013 Bene
461 955 496 1014 et
526 939 697 1012 foeliciter
728 941 843 1012 valcat
874 938 1058 1014 Celsitudo
1091 951 1217 1013 vestra.

226 1043 295 1118 Die
311 1042 416 1120 Febr.
435 1043 495 1119 17.

539 1177 754 1254 Celsitudini
775 1195 912 1254 vestrae

819 1301 1080 1374 addictissimus

741 1399 930 1500 Philippus
947 1399 1172 1480 Melanthon.

229 1802 293 1879 No.
307 1799 422 1876 5741.

235 1900 408 1932 m

1064 1824 1079 1882 1
1089 1819 1121 1882 8.
1132 1814 1220 1876 Febr.

1041 1905 1214 1938 Μ

526 2007 679 2097 Iacob.
711 2007 925 2100 Mollcro.

296 2170 383 2245 Epist.
399 2170 447 2230 lib.
463 2169 499 2229 ll.
516 2190 545 2244 p.
558 2173 617 2229 520.
637 2171 693 2243 (ed.
711 2171 801 2230 Lond.
819 2169 868 2228 lib.
885 2172 924 2228 ll.
943 2190 986 2244 ep.
999 2171 1084 2245 5450).

448 2321 506 2400 D.
532 2319 769 2399 Inachimo
794 2320 1007 2398 Mottero

230 2459 279 2549 S.
304 2466 350 2543 D.
400 2469 604 2544 Clarissima
621 2475 694 2562 vir,
718 2487 752 2544 et
765 2467 971 2542 charissime
986 2474 1114 2556 irater,
1154 2471 1220 2544 Ni-

230 2572 285 2647 hil
300 2572 441 2644 dulcius
452 2589 503 2646 est
518 2577 643 2662 fratre,
669 2575 732 2669 qui
748 2599 823 2643 non
836 2575 952 2644 solum
970 2591 1116 2668 propter
1141 2599 1223 2648 san-

230 2677 350 2769 guinis
373 2677 641 2766 cognationem,
677 2677 866 2748 sedetiam
888 2691 1033 2769 propter
1054 2679 1220 2751 virtutem

232 2794 268 2852 et
281 2801 491 2850 consensum
506 2781 549 2848 de
564 2781 671 2849 rebus
685 2777 791 2850 bonis
806 2778 978 2869 diligitur.
1018 2777 1118 2850 Talis
1139 2805 1218 2852 cum

232 2882 279 2954 sit
293 2880 333 2951 in
346 2893 381 2952 te
395 2893 430 2951 et
445 2881 553 2952 fratre
565 2905 684 2968 amor,
708 2879 851 2954 virtutis
867 2881 907 2952 iu
923 2895 1074 2978 utroque
1095 2882 1222 2954 simili-

231 2982 359 3057 tudine
381 2981 630 3070 confirmatus,
655 3006 758 3076 spero
775 2983 877 3054 vobis
891 3006 1135 3074 congressum,
1160 3009 1220 3054 ve·

233 3101 345 3158 strum
362 3084 559 3156 iucundum
572 3085 660 3174 fore,
673 3098 708 3157 et
722 3100 762 3158 ut
776 3085 822 3156 sit
835 3086 938 3158 vobis
952 3085 1147 3180 voluptati,
1168 3088 1221 3158 fa-

234 3189 304 3260 ciat
318 3183 434 3272 Deus,
458 3187 521 3281 qui
538 3203 571 3261 et
588 3187 749 3259 condidit
767 3182 928 3288 ocopyolc
952 3187 991 3260 in
1004 3202 1133 3262 natura
1151 3183 1221 3260 ho-

233 3289 391 3372 minum,
416 3303 451 3360 ct
477 3289 832 3381 delectaturlratrum
850 3291 1116 3365 coniunctione.
1165 3289 1220 3363 De

233 3389 388 3484 publicis
409 3392 561 3480 negotiis
584 3386 679 3461 nihil
700 3393 853 3462 scribere
877 3415 1038 3486 possum,
1065 3391 1135 3463 nisi
1158 3395 1221 3463 ad-

233 3488 307 3562 huc
326 3515 383 3560 me
404 3491 573 3562 viciniam
588 3505 741 3563 vestram
759 3507 927 3568 metuere.
977 3484 1158 3564 Coloniae
1182 3495 1221 3564 in

107 3685 114 3694 .
233 3593 324 3662 festo
341 3589 557 3681 Magnorum
571 3593 732 3666 mulieris
747 3593 856 3684 impie
873 3594 1143 3667 concionantem
1166 3619 1223 3666 sa·

235 3693 432 3765 crificulum
449 3718 490 3765 ex
505 3697 638 3789 templo
653 3695 833 3768 eiecerunt
847 3695 1026 3784 scabellis,
1045 3711 1081 3768 et
1095 3697 1221 3770 vnlne-

228 3797 371 3868 'rarunt
424 3791 522 3886 Quid
541 3813 659 3889 postea
675 3799 843 3871 acciderit
855 3799 1018 3869 nondum
1040 3800 1134 3881 scio,
1161 3801 1220 3869 scd

235 3897 458 3989 impudentia
483 3922 701 3983 scurrarum,
734 3900 798 3996 qui
820 3925 896 3972 nou
919 3902 1086 3972 desinunt
1108 3902 1223 3972 ruani-

236 4000 362 4071 festam
395 4001 578 4072 veritatem
620 4027 844 4095 oppugnare,
881 4004 1023 4074 taudem
1057 4003 1224 4088 irritabit,

236 4101 341 4172 etiarn
363 4125 443 4188 eos,
468 4103 531 4197 qui
553 4129 572 4174 a
597 4105 702 4174 nobis
726 4105 902 4175 alienorae
918 4107 1075 4180 fuerunt.
1126 4104 1224 4177 Bene

236 4217 271 4275 et
285 4203 436 4275 feliciter
449 4205 539 4276 vale.
586 4203 654 4278 Die
673 4205 733 4282 18.
749 4204 949 4278 Februarii.

1069 4641 1123 4704 19.
1138 4633 1225 4698 Febr.

1049 4723 1222 4756 m

554 4827 622 4917 Io.
644 4829 909 4918 Mattlcecio.

303 4989 390 5066 aaut
402 4987 450 5047 us.
464 4990 497 5049 ιι.
510 5007 540 5066 ρ.
554 4991 614 5048 ιιι.
632 4991 687 5062 (aa.
699 4990 786 5052 ussa
799 4991 846 5050 ιιι.
857 4991 892 5048 ιι.
907 5011 950 5065 sp.
962 4993 1031 5062 aa).

435 5147 490 5224 D.
515 5145 734 5224 Iohanni
755 5145 1026 5225 Maltbesio

232 5284 281 5374 S.
304 5301 349 5375 D.
400 5300 611 5376 Reverende
625 5305 682 5376 vir
703 5319 737 5376 ct
752 5299 957 5376 charissime
980 5303 1108 5387 irater,
1141 5299 1219 5372 Ho-

230 5405 288 5474 die
304 5429 346 5475 ex
359 5393 562 5478 Pannonia
585 5407 793 5480 essentum
815 5407 998 5480 literarum
1019 5403 1156 5502 accepi,
1181 5405 1221 5476 iu

236 4621 429 4753 Q.

800 211 1233 334 untsvonanutu
1282 253 1497 336 utnxtt
1550 253 1679 336 1⁶65.

2191 261 2270 336 486

1264 431 1395 524 quibus
1411 429 1578 502 scribitur
1590 425 1767 502 Ecclesiae
1782 442 1875 502 recte
1893 430 2061 504 docentes
2074 431 2143 504 sub
2161 425 2268 502 Tor-

1267 530 1318 602 ce's
1339 533 1377 602 io
1399 525 1601 603 Pannonia
1629 533 1699 606 Dei
1725 533 1897 606 beneficio
1930 549 1964 606 et
1986 537 2193 618 concordes
2227 549 2267 606 et

1265 637 1480 730 tranquillas
1512 659 1598 710 esse.
1656 633 1795 708 Interea
1823 636 1863 706 iu
1890 631 1957 707 hac
1982 651 2104 708 nostra
2129 637 2267 708 vicinia

1266 737 1353 807 alibi
1369 738 1513 808 saevitia
1530 731 1797 832 hypocritarum
1814 739 2050 832 dissipantur,
2077 738 2165 808 alibi
2188 739 2266 810 dis·

1267 839 1367 910 sidiis
1382 839 1594 914 domesticis.
1646 835 1932 912 Oremusfilium
1947 837 2032 926 Dei,
2057 853 2098 912 ut
2123 841 2163 910 in
2188 853 2266 912 tum

1267 942 1379 1012 saevis
1393 941 1659 1030 tempestatibus
1674 966 1774 1012 suam
1792 943 1952 1037 cymbam
1968 955 2094 1017 servet.
2148 941 2266 1034 Spero

1268 1041 1402 1134 Regem
1416 1036 1704 1114 Ferdinandam
1722 1068 1796 1114 non
1812 1045 1889 1115 fore
1905 1043 2109 1115 ministrum
2124 1045 2268 1116 alienae

1157 1239 1158 1244 ἵ
1270 1145 1499 1219 crudelitatis.
1549 1137 1806 1216 Lauterwald
1818 1142 1908 1216 mihi
1925 1146 2060 1216 bellum
2076 1147 2270 1219 minitatur

1270 1261 1381 1323 atrox.
1433 1247 1504 1319 Sed
1521 1247 1597 1317 eius
1618 1248 1823 1339 praestigias
1841 1271 1914 1318 non
1928 1270 2032 1340 spero
2049 1249 2271 1322 extincturus

1270 1351 1384 1419 lucem
1402 1349 1607 1442 perspicuae
1620 1363 1654 1420 et
1667 1349 1946 1442 simplicissimae
1960 1351 2140 1436 veritatis,
2156 1375 2271 1445 quam

1270 1451 1338 1522 scis
1353 1477 1410 1521 me
1433 1451 1584 1522 fideliter
1601 1451 1640 1520 in
1658 1453 1818 1522 docendo
1836 1452 2059 1548 quaesivisse.
2112 1450 2164 1524 Et
2182 1450 2271 1526 hac·

1271 1567 1375 1624 tenus
1391 1551 1587 1684 papistica,
1611 1543 1862 1640 Osiandrica,
1894 1567 1928 1626 et
1949 1546 2272 1628 Lancerwaldicc

1272 1655 1462 1726 certamina
1489 1655 1699 1748 prosuerunt
1721 1657 1767 1725 ad
1794 1657 2044 1727 illustrandam
2070 1659 2271 1732 veritatem.

1273 1757 1381 1830 Mitto
1397 1759 1462 1828 tibi
1477 1757 1641 1828 libellum
1657 1751 1883 1856 aDacide*)
1900 1758 2055 1840 editum,
2083 1759 2125 1828 in
2144 1787 2215 1856 quo
2227 1763 2267 1830 in

1273 1859 1452 1952 prioribus
1470 1859 1607 1952 paginis
1624 1861 1796 1954 quaedam
1815 1859 2019 1941 emendavi,
2036 1861 2098 1930 sed
2115 1884 2260 1956 sequen-

1274 1962 1321 2032 tia
1345 1974 1489 2053 propter
1511 1985 1631 2030 meum
1655 1961 1724 2032 iter
1746 1986 1820 2032 uon
1845 1963 1948 2056 potui
1972 1974 2168 2037 contexere.
2216 1961 2260 2033 ln

1273 2061 1480 2158 Hongoria
1505 2078 1689 2154 conspecta
1718 2077 1770 2134 est
1804 2063 1842 2134 iu
1867 2069 1947 2135 aiire
1969 2086 2087 2155 pugna
2114 2069 2267 2136 duorum

1275 2168 1457 2258 agminum
1491 2179 1713 2256 serpentum,
1745 2165 1808 2258 qui
1837 2190 1874 2237 se
1896 2167 1946 2236 ila
1972 2166 2204 2254 lacerarunt,
2236 2182 2278 2239 ut

1274 2281 1438 2338 cruentae
1454 2281 1568 2358 partes
1583 2267 1798 2353 deciderint,
1823 2267 1924 2362 quasi
1945 2291 2019 2336 nou
2036 2262 2192 2358 phasma
2214 2271 2279 2340 sed

1274 2394 1354 2439 vera
1372 2393 1519 2460 corpora
1534 2368 1677 2440 luerint.
1715 2367 1933 2460 significatio
1948 2393 2023 2438 non
2036 2369 2199 2443 obscura
2215 2385 2279 2447 est.

1274 2468 1430 2542 Oremus
1461 2469 1594 2540 Filium
1622 2466 1688 2540 Dei
1721 2469 1918 2542 Dominum
1949 2483 2113 2541 nostrum
2153 2471 2278 2545 lesum

1273 2570 1456 2646 Christum
1472 2573 1652 2643 custodem
1670 2569 1846 2643 Ecclesiae
1860 2597 1962 2658 suae,
1986 2585 2025 2644 ul
2049 2597 2120 2644 nos
2143 2598 2275 2646 omnes

1273 2677 1445 2766 gubernet
1460 2687 1495 2745 et
1508 2689 1687 2768 protegat,
1707 2689 1741 2744 et
1754 2675 1800 2746 sit
1814 2669 1922 2776 λόγος
1938 2674 2063 2745 vivens
2079 2674 2121 2742 in
2137 2677 2275 2748 nostris

1275 2777 1498 2870 pectoribus,
1512 2789 1546 2846 et
1563 2775 1666 2848 iaciat
1682 2799 1748 2846 nos
1761 2800 1842 2847 vasa
1858 2776 2136 2848 misericordiae.
2173 2777 2275 2850 Bene

1274 2881 1378 2950 vale.'
1413 2877 1482 2950 Die
1507 2878 1567 2952 19.
1589 2876 1787 2955 Februarii.
1839 2879 2000 2952 Salutem
2022 2877 2128 2950 vobis
2151 2881 2276 2954 omui·

1274 2984 1340 3054 bus
1357 2997 1454 3076 opto.

1274 3389 1339 3464 No.
1353 3385 1468 3464 5743.

1275 3483 1487 3524 Μ

1274 3601 1489 3692 Settteno
1515 3615 1564 3692 et
1596 3603 1848 3720 Scblapeclc
1872 3601 1939 3690 od
1964 3603 2200 3698 Melanch.
2226 3621 2270 3699 st

1662 3715 1881 3804 Edonum.

1343 3893 1418 3966 ·1·llr
1435 3895 1603 3971 autographo
1618 3896 1646 3950 iu
1661 3893 1725 3950 cod.
1738 3891 1822 3950 Gotb.
1838 3893 1898 3950 tra.
1918 3893 1948 3950 in
1962 3894 2013 3950 lol.
2030 3915 2059 3972 p.
2072 3897 2136 3956 tes.
2153 3929 2193 3945 -
2232 3901 2281 3962 h

1376 3985 1536 4039 resporuum
1551 3967 1585 4022 ed
1601 3963 1743 4039 epistolam
1759 3963 1883 4036 suprad.
1897 3963 1925 4024 d.
1937 3964 1984 4022 81.
1996 3965 2085 4023 Data.
2098 3967 2181 4027 1⁵⁵⁴.

2103 3402 2168 3467 21.
2180 3396 2257 3456 Feta

2093 3483 2254 3518 ῸΝ

1277 4117 1483 4206 Doctrina,
1506 4121 1642 4220 pietate
1659 4131 1691 4196 et
1705 4118 1914 4192 innocentia
1932 4121 2027 4196 citae
2043 4121 2285 4207 clarissimis

1279 4223 1367 4294 viris
1399 4231 1431 4294 et
1461 4222 1660 4312 Dominis,
1694 4217 1925 4322 Philippo
1955 4221 2284 4308 Melanlbonc‘

1278 4335 1310 4396 et
1336 4319 1492 4398 Paulo
1506 4323 1546 4396 E
1553 4325 1677 4412 bero,
1699 4323 1898 4424 praesectis
1914 4323 2135 4400 Academiae
2158 4333 2288 4410 Wie-

1278 4421 1535 4526 tembergensis
1544 4481 1557 4516 ,
1579 4425 1758 4499 Dominis
1775 4437 1806 4498 et
1819 4429 2114 4528 praeceptoribus
2128 4441 2287 4514 nostris

1465 4608 1468 4615 ,
1600 4523 1943 4608 Reverendissimis.

1280 4662 1410 4750 Gratia
1431 4692 1466 4751 et
1483 4704 1551 4771 pax
1572 4677 1685 4750 allen
1707 4692 1807 4772 patre
1825 4691 1859 4750 et
1874 4679 2022 4752 domino
2047 4695 2173 4756 nostro
2195 4686 2291 4765 lesu

1278 4777 1433 4851 Christo.
1482 4778 1693 4874 Accepimus
1717 4782 1837 4853 literas
1857 4795 2006 4870 vestras,
2035 4785 2092 4859 13.
2115 4783 2289 4866 Decern-

1278 4878 1420 4977 bris¹),
1457 4899 1601 4974 propter
1623 4883 1731 4954 ritum
1757 4880 1989 4970 elevationis,
2019 4910 2125 4981 quem
2148 4885 2288 4967 hatte.

1277 5008 1345 5054 nus
1361 4984 1399 5053 in
1416 4987 1547 5056 nostris
1561 4987 1825 5056 observavimus
1848 4987 2001 5056 ecclesiis
2023 4991 2069 5058 ad
2094 5013 2161 5062 nos
2182 4998 2290 5069 scri·

1277 5101 1373 5178 ptos,
1397 5087 1468 5156 viri
1486 5087 1673 5160 reverendi
1696 5101 1733 5160 et
1751 5101 1995 5182 praeceptores
2014 5091 2296 5171 observandis.

1272 5255 1499 5272 -n—-c—n-n

1305 5342 1333 5412 1)
1351 5341 1618 5414 Davidecbytrceo.
1636 5337 1715 5398 ridel.
1727 5339 1829 5396 librom
1845 5339 1879 5396 de
1890 5337 2078 5398 mantne-ts.

1308 5430 1337 5485 ll
1354 5426 1491 5484 blendose
1503 5441 1571 5501 proc
1593 5423 1639 5480 tt.
1654 5425 1758 5482 Deebr.
