4792 6186
153 331 226 408 en
726 319 1160 406 aersrocanon
1210 319 1319 402 mn.
1343 253 1453 401 soc
1485 321 1617 406 issa.
2113 335 2191 412 eso

11 584 23 610 ,
153 509 211 580 sed
228 505 342 578 multo
359 503 473 576 maior
490 516 545 576 est
566 501 670 595 culpa
689 499 800 594 ipsius
815 499 1028 588 iuventutis,
1051 521 1144 594 quae
1195 495 1371 592 tyrocinia
1388 497 1480 570 liunt
1495 497 1533 568 in
1550 497 1619 592 piis
1642 499 1758 575 cultus
1774 503 1853 578 Deo
1869 505 2046 600 placentes
2069 521 2104 581 et
2126 531 2183 582 sa·

153 623 186 682 et
204 622 391 702 parentum
412 607 562 700 gemitus
584 617 619 678 et
644 604 850 678 docentium
880 601 1143 674 admonitiones
1194 599 1338 675 crificia.
1388 596 1530 672 Deinde
1555 604 1656 674 fateri
1680 629 1820 680 necesse
1842 621 1911 694 est,
1942 611 2181 702 cognitionem

153 725 187 784 et
198 709 407 804 Principum
430 710 545 782 edicta
568 705 784 792 contemnit,
809 717 844 804 cl
865 705 1020 779 subinde
1039 703 1143 776 novis
1193 701 1379 772 doctrinae
1402 704 1633 775 necessariam
1655 727 1748 794 esse,
1779 724 1815 782 et
1841 723 1924 782 ante
1947 713 2179 785 initiationem

154 827 190 886 et
209 810 486 884 deformioribus
504 809 673 902 exemplis
696 829 825 880 nervos
845 807 1057 900 disciplinae
1079 828 1143 898 pe-
1193 803 1396 874 animorum
1421 818 1456 877 et
1472 806 1638 899 deinceps
1652 829 1801 902 semper.
1849 811 1931 883 Non
1955 816 2051 884 enim
2076 817 2179 886 aliter

152 915 308 988 tulanter
322 913 459 989 incidit.
509 910 658 1007 Loquor
672 923 789 982 autem
807 933 904 982 nunc
919 934 995 980 non
1018 911 1063 980 de
1088 907 1142 978 lc-
1192 903 1288 978 lilius
1304 902 1372 976 Dei
1389 899 1498 1008 λόγος
1512 909 1719 1004 cuiusquam
1741 915 1852 984 menti
1870 914 1980 988 vitam
2003 929 2038 987 et
2061 917 2178 988 lucem

151 1017 254 1112 gibus
274 1015 526 1110 imperiorum,
550 1035 642 1109 quae
665 1011 828 1106 capitalia
849 1010 982 1084 iudicia
1002 1023 1142 1102 regunt,
1192 1007 1339 1094 tribuit,
1370 1009 1441 1080 nisi
1463 1033 1549 1081 voce
1568 1011 1762 1090 doctrinae.
1814 1013 1922 1106 Quod
1943 1042 2023 1089 cum
2048 1019 2097 1090 ita
2124 1019 2181 1104 sit,

151 1120 212 1194 sed
228 1118 272 1189 de
287 1111 353 1190 bac
369 1129 470 1209 parte
489 1115 740 1210 paedagogiae,
765 1137 857 1210 quae
876 1125 1019 1186 externa
1042 1135 1142 1184 exer-
1191 1109 1369 1202 negligere
1389 1112 1507 1184 studia
1526 1113 1710 1184 doctrinae
1733 1109 1826 1188 banc
1845 1119 1892 1189 ob
1908 1141 2068 1203 cauum,
2094 1121 2178 1216 quia

15 1215 18 1225 ’
152 1221 234 1294 citia
250 1219 428 1306 continet,
445 1217 660 1312 pertinentia
677 1219 723 1288 ad
739 1217 891 1310 primam
906 1217 1062 1288 tabulam
1078 1217 1141 1286 de-
1191 1237 1267 1284 non
1283 1213 1356 1284 sint
1371 1211 1526 1300 iusticia,
1551 1209 1735 1288 horribilis
1749 1217 1900 1291 inroret
1916 1219 2078 1314 impietas
2093 1235 2155 1296 est.

151 1320 287 1413 calogi,
311 1321 351 1392 in
372 1320 550 1394 discendis
571 1319 685 1392 initiis
706 1319 889 1392 doctrinae
913 1319 959 1389 de
979 1317 1075 1398 Deo,
1100 1316 1138 1386 in
1293 1311 1431 1385 Audivi
1453 1329 1572 1387 antem
1597 1319 1745 1406 multos,
1771 1321 1971 1416 etquidem
1991 1318 2178 1394 scholasti-

12 1423 18 1466 ²
150 1423 303 1498 lectione
317 1437 352 1495 ct
366 1421 573 1494 recitatione
587 1445 751 1516 precum,
778 1420 818 1493 in
831 1419 961 1492 ritibus
979 1420 1049 1514 piis
1070 1419 1141 1488 mi·
1191 1439 1268 1503 cos,
1301 1439 1455 1512 quorum
1479 1431 1574 1490 aetas
1598 1441 1673 1490 non
1697 1422 1822 1512 procul
1845 1445 1866 1493 a
1891 1423 2059 1496 vicesimo
2082 1447 2177 1495 anno

10 1527 16 1570 ²
151 1525 291 1600 nisterii
318 1521 525 1616 Evangelici
558 1524 753 1596 servandis.
831 1519 973 1596 Deinde
1004 1535 1039 1594 et
1070 1521 1139 1592 alia
1191 1520 1331 1604 aberat,
1356 1520 1420 1614 qui
1438 1518 1650 1613 Symbolum
1666 1517 1922 1616 Apostolorum
1938 1525 2087 1600 recitare
2102 1550 2176 1598 non

151 1626 371 1726 pertinentia
393 1627 440 1698 ad
458 1625 650 1699 secundam
670 1624 846 1710 tabulam,
870 1623 909 1694 in
926 1623 1138 1720 quibusdam
1190 1633 1366 1714 poterant.
1416 1619 1525 1692 Tales
1546 1634 1608 1692 aut
1628 1645 1710 1694 raro
1732 1637 1793 1696 aut
1815 1649 2000 1722 nunquam
2024 1628 2177 1700 excitant

151 1730 313 1804 iusticias
330 1727 474 1816 officiis,
500 1742 534 1800 et
559 1727 731 1798 intuenda
748 1727 981 1820 temperantia
1005 1739 1039 1797 et
1063 1750 1140 1795 mo·
1191 1738 1326 1794 mentes
1347 1723 1393 1794 ad
1414 1723 1664 1814 cogitationem
1686 1725 1731 1798 de
1750 1721 1827 1798 Deo
1850 1743 1886 1801 et
1909 1731 1954 1801 ad
1977 1728 2177 1802 invocatio-

151 1833 274 1906 destia.
326 1828 422 1904 Sunt
439 1829 534 1902 enim
552 1823 638 1901 haec
653 1829 811 1902 iusticias
837 1830 1000 1922 propria,
1038 1851 1140 1898 reve·
1191 1849 1283 1896 nem.
1339 1823 1468 1897 Postea
1500 1825 1736 1920 impelluntur
1764 1825 1950 1921 prophana
1977 1845 2120 1924 pectore
2154 1855 2175 1904 a

152 1933 267 2010 centia
284 1955 365 2023 erga
385 1945 547 2026 parentes
569 1945 604 2002 et
619 1934 800 2012 doctores,
820 1955 895 2001 non
919 1931 1063 2002 turbare
1089 1929 1140 2000 ci·
1190 1925 1353 1998 Diabolis
1376 1927 1414 1996 in
1440 1929 1539 1998 varia
1561 1929 1702 2000 scelera.
1758 1929 1948 2004 Sumamus
1969 1933 2079 2024 igitur
2100 1933 2176 2004 sin·

154 2039 251 2108 vium
267 2047 301 2105 et
314 2047 536 2126 aegrotorum
555 2035 709 2128 quietem
729 2034 832 2114 rixis,
859 2031 1054 2104 barbaricis
1076 2055 1139 2100 vo-
1191 2030 1265 2119 guli
1282 2043 1439 2122 tempora
1454 2029 1574 2124 aliqua
1591 2032 1638 2100 ad
1654 2031 1917 2121 recitationem,
1942 2047 1983 2106 ut
2006 2035 2177 2108 excitetur

160 2136 419 2210 dictationibus
443 2149 477 2207 et
492 2135 723 2222 tumultibus,
748 2135 865 2206 debita
885 2149 1043 2226 ternpore
1064 2147 1139 2204 stu-
1191 2131 1368 2202 invocatio
1389 2145 1424 2204 et
1449 2131 1511 2201 alii
1534 2131 1587 2226 pii
1610 2146 1740 2204 motus.
1799 2131 1853 2206 Ae
1889 2136 2100 2208 nominatim
2132 2141 2176 2208 de

157 2241 222 2312 diis
239 2240 421 2311 doctrinae
434 2237 601 2310 tribuere.
651 2235 924 2331 Temperantiae
941 2249 1043 2320 sunt,
1065 2259 1141 2306 ser·
1191 2232 1363 2329 Symbolo
1379 2233 1513 2304 dicam:
1538 2233 1672 2304 multae
1686 2235 1913 2326 gravissimae
1932 2261 2057 2310 causae
2081 2253 2175 2320 sunt,

153 2366 237 2414 vare
254 2341 400 2413 modum
415 2339 454 2410 in
469 2339 548 2410 cibo
562 2353 597 2410 et
611 2351 699 2434 potu
715 2339 986 2411 convenientem
1000 2337 1140 2409 valetu-
1191 2359 1256 2406 cur
1276 2335 1499 2407 adsuefacere
1526 2359 1594 2406 nos
1623 2337 1667 2406 ad
1702 2337 1946 2410 recitationem
1971 2341 2176 2418 debeamus.

151 2444 251 2525 dini,
277 2455 312 2514 et
326 2455 418 2515 recte
434 2441 651 2534 distinguere
671 2443 854 2525 laborum,
880 2441 952 2512 cibi
968 2452 1004 2512 et
1023 2439 1141 2511 somni
1191 2435 1353 2508 Primum
1371 2437 1402 2506 si
1421 2459 1523 2508 mens
1542 2450 1594 2508 est
1610 2437 1687 2530 pia,
1712 2439 1752 2510 io
1773 2433 1839 2512 hac
1860 2441 1936 2532 ipsa
1957 2443 2177 2535 pronuncia-

149 2563 325 2637 tempora.
375 2542 573 2617 Modestiae
587 2559 690 2632 sunt,
714 2543 754 2616 in
770 2567 933 2616 sermone
946 2542 1059 2616 vitare
1075 2543 1141 2614 ob-
1191 2540 1309 2625 tione,
1334 2553 1374 2612 ut
1387 2537 1646 2632 simplicissime
1672 2541 1817 2636 loquar,
1842 2543 1989 2635 cogitet,
2014 2543 2091 2614 beri
2112 2546 2178 2615 ad·
2238 2558 2242 2564 '

151 2647 377 2730 scenitatem,
406 2645 673 2728 scurrilitatem,
698 2646 936 2738 arrogantiam
959 2639 1140 2716 thrasoni·
1191 2641 1419 2734 plicationem
1436 2641 1688 2712 beneficiorum
1711 2643 1776 2714 filii
1792 2640 1872 2722 Dei.
1922 2643 2039 2718 Credo
2064 2646 2103 2716 iu
2120 2643 2177 2717 le-

150 2773 251 2827 cam,
268 2747 448 2830 convicia,
472 2747 718 2832 virulentiam,
733 2747 951 2818 atrocitatem
966 2759 1000 2816 et
1013 2747 1141 2831 minas,
1192 2767 1269 2812 sum
1291 2738 1494 2828 Christum,
1526 2745 1634 2814 credo
1664 2746 1909 2817 remissionem
1940 2761 2176 2841 peccatorum,
2244 2798 2264 2835 .„

151 2848 356 2918 torvitatem
379 2845 556 2934 ingestu,
605 2849 755 2918 formam
777 2848 934 2918 vestibus
953 2869 1029 2916 non
1053 2869 1141 2916 con·
1191 2843 1342 2928 scilicet,
1373 2837 1464 2912 mihi
1486 2867 1628 2936 qnoque
1650 2845 1773 2918 tribui.
1825 2847 1979 2919 Memini
2000 2853 2178 2944 quendam

152 2945 356 3016 venientem
372 2967 551 3036 personae.
602 2944 646 3016 ln
659 2941 717 3016 his
730 2947 836 3016 rebus
851 2946 1031 3016 discedere
1051 2969 1072 3016 a
1089 2945 1141 3015 le-
1192 2943 1253 3038 qui
1270 2957 1352 3014 ante
1368 2943 1500 3013 multos
1513 2967 1627 3014 annos
1642 2946 1781 3018 dicebat
1800 2943 1865 3018 hac
1883 2971 1919 3019 se
1935 2951 2178 3022 consolatione

152 3049 259 3138 gibus
272 3060 306 3120 et
321 3043 463 3118 iudiciis
477 3058 665 3138 parentum
685 3059 720 3118 et
739 3047 893 3118 aliorum
908 3041 1140 3118 honestorum
1192 3044 1378 3137 praecipue
1402 3044 1644 3116 confirmatam
1663 3069 1743 3130 ,esse
1764 3047 1803 3118 in
1828 3051 1964 3140 maguis
1981 3052 2178 3128 doloribus.

151 3145 361 3234 hominum,
386 3147 531 3220 initium
548 3161 601 3220 est
616 3146 856 3220 contumaciae
869 3161 904 3220 et
916 3149 1079 3220 furorum
1102 3147 1141 3218 in
1191 3145 1331 3218 Deinde
1356 3147 1646 3219 commonefactio
1671 3162 1723 3221 est
1744 3151 1788 3222 de
1810 3153 1979 3225 omnibus
1999 3150 2068 3225 Dei
2091 3177 2178 3247 ope·

150 3252 258 3322 rebus
272 3249 452 3337 maximis,
477 3263 518 3322 ut
531 3249 715 3322 manifesta
735 3249 950 3342 experientia
973 3249 1141 3322 ostendit.
1194 3248 1313 3332 ribus,
1346 3247 1610 3333 domatione,
1643 3251 1688 3320 de
1711 3251 1955 3345 redemptione
1976 3257 2074 3328 etde
2096 3281 2178 3348 per·

151 3351 241 3424 ldeo
261 3373 388 3444 magno
415 3353 539 3423 dolore
567 3375 691 3424 omnes
719 3346 862 3424 bonesti
883 3347 1048 3424 homines
1077 3353 1142 3422 ad·
1193 3364 1298 3442 petua
1323 3345 1501 3420 Ecclesiae
1525 3351 1747 3429 collectione.
1805 3350 1897 3425 Cum
1929 3357 2037 3444 dicis,
2070 3359 2177 3428 credo

151 3455 340 3539 ficiuntur,
365 3477 447 3524 cum
467 3453 591 3526 vident
616 3447 702 3525 haec
723 3454 882 3545 exempla
906 3453 1142 3546 negligentiae
1193 3475 1267 3522 esse
1289 3447 1482 3522 Ecclesiam
1505 3447 1735 3541 catholicam,
1762 3478 1863 3526 mens
1885 3459 2028 3550 cogitet,
2054 3461 2118 3530 ubi
2144 3472 2179 3532 et

150 3569 216 3628 aut
242 3555 467 3648 petulantiae.
524 3551 576 3628 Et
602 3569 765 3628 nostrum
792 3555 953 3627 dolorem
981 3554 1142 3651 quotidie
1194 3577 1284 3650 quae
1299 3552 1345 3623 sit
1356 3549 1532 3640 Ecclesia,
1550 3567 1632 3625 etse
1648 3557 1680 3624 ei
1694 3556 1873 3648 adiungat.
1908 3555 2010 3632 Nihil
2025 3561 2062 3632 in
2081 3583 2178 3632 suns-

151 3658 375 3732 ostendimus
394 3681 480 3740 nos,
506 3658 571 3752 qui
590 3655 803 3730 adducendi
823 3657 989 3730 militiam
1015 3655 1143 3728 delecti
1194 3655 1263 3727 mis
1280 3653 1447 3748 periculis
1462 3657 1505 3726 ad
1522 3657 1800 3730 consolationem
1814 3660 1990 3734 efficacius
2005 3677 2058 3736 est
2070 3663 2180 3736 totius

148 3783 284 3834 sumus.
336 3756 533 3832 Hortamur
555 3780 698 3847 omues,
724 3773 765 3832 ut
785 3760 952 3831 mandata
973 3755 1059 3844 Dei,
1083 3759 1144 3832 iu·
1194 3757 1358 3852 Symboli
1373 3756 1678 3846 consideratione,
1703 3773 1744 3831 ut
1759 3761 1816 3832 vir
1835 3765 1960 3836 doctus
1984 3779 2019 3839 et
2040 3767 2179 3858 sapiens

150 3863 247 3934 dicia
280 3873 468 3955 parentum
499 3885 647 3934 suorum
686 3875 721 3934 et
753 3861 918 3933 ordinem
951 3861 1144 3948 actionum,
1193 3857 1444 3954 Hieronymus
1466 3851 1680 3953 Schnrfios,
1703 3859 1798 3932 luris
1821 3863 1971 3953 Ductor,
1996 3891 2077 3939 cum
2095 3891 2178 3938 seo·

149 3987 259 4060 quem
274 3963 428 4056 probant
441 3958 606 4036 homines
620 3958 784 4048 bonesti,
809 3976 940 4036 ament.
990 3960 1069 4034 Hoc
1084 3985 1144 4033 ar·
1194 3963 1277 4034 tiret
1297 3973 1461 4032 naturam
1480 3963 1606 4032 morbo
1629 3962 1744 4050 vinci,
1769 3985 1877 4060 seque
1902 3967 1972 4038 iam
1995 3981 2110 4042 totum
2132 3971 2178 4040 ad

153 4079 321 4156 gumento
334 4087 459 4150 senex,
483 4065 701 4151 eruditione,
725 4065 860 4136 virtute
882 4077 918 4136 et
940 4062 1143 4157 eloquentia
1196 4061 1443 4154 cogitationem
1459 4061 1504 4133 de
1524 4060 1601 4134 Deo
1625 4066 1820 4138 etdomino
1838 4082 1961 4142 nostro
1977 4067 2056 4142 lesu
2068 4066 2176 4141 Clari-

154 4167 348 4249 excellens,
382 4159 575 4238 Arnoldus
601 4162 794 4241 Berenices
820 4159 914 4236 banc
944 4164 1142 4236 orationem
1195 4175 1249 4234 sto
1264 4162 1534 4254 composuisset,
1559 4177 1635 4237 toto
1654 4169 1772 4239 morbi
1790 4183 1946 4264 tempore
1965 4171 2039 4242 iere
2055 4171 2178 4262 singu-

151 4271 322 4363 scriptam
336 4267 461 4340 edidit.
1194 4265 1240 4334 lis
1262 4259 1362 4335 horis
1381 4267 1560 4358 repetebat
1575 4263 1786 4362 Symbolum
1810 4283 1908 4344 tanta
1928 4271 2039 4342 animi
2052 4271 2179 4344 alacri·

262 4367 312 4444 Ut
339 4381 458 4440 autem
482 4365 608 4441 Astrea
638 4367 740 4460 pulsa
771 4389 813 4438 ex
840 4367 992 4440 urbibus
1023 4379 1143 4440 tamen
1195 4377 1284 4452 tate,
1308 4379 1350 4437 ut
1365 4368 1553 4461 praecipue
1569 4368 1630 4440 illa
1649 4371 1868 4443 confessione
1890 4373 1979 4466 erigi
1998 4387 2033 4444 et
2048 4376 2179 4445 confir-

147 4475 195 4544 in
230 4495 313 4546 rure
348 4471 488 4566 aliquos
518 4469 650 4540 dicitur
686 4466 863 4540 invenisse
902 4483 1039 4556 coctus,
1080 4469 1145 4564 qui
1195 4467 1288 4538 mari
1303 4483 1514 4545 temeretur.
1564 4467 1623 4542 Aa
1645 4472 1747 4542 illum
1766 4494 1913 4562 agonem
1933 4476 2094 4570 quotidie
2113 4500 2179 4548 nos

149 4597 233 4646 eam
249 4573 401 4645 audiunt
413 4585 446 4644 et
463 4571 497 4642 ei
511 4571 703 4658 obediunt,
730 4569 778 4642 ita
795 4583 831 4644 et
847 4585 989 4644 nostrae
1010 4565 1144 4642 adhor—
1195 4593 1462 4664 praeparemus,
1488 4588 1529 4644 ut
1544 4573 1650 4644 verba
1665 4572 1828 4668 Symboli
1844 4592 1879 4649 et
1898 4591 2073 4648 certarum
2096 4601 2180 4650 sen-

147 4675 326 4760 tationes,
358 4674 425 4746 etsi
455 4697 475 4744 a
507 4673 630 4745 multis
660 4673 886 4760 deridentur,
920 4686 1040 4746 mmen
1069 4697 1144 4744 nou
1196 4673 1791 4748 tertiarumnobislamiliarissima
1807 4677 1897 4760 sint,
1923 4703 1968 4750 ne
1984 4681 2023 4750 in
2040 4680 2102 4750 illo
2121 4705 2179 4750 ar·

148 4801 301 4876 prorsus
312 4775 434 4848 irritae
448 4788 572 4861 erunt,
595 4775 678 4868 quia
693 4775 866 4869 scriptum
887 4790 953 4848 est:
980 4774 1146 4846 nouerit
1197 4774 1307 4847 ticnlo
1338 4775 1455 4846 desint
1483 4798 1583 4847 errna
1611 4778 1815 4848 necessaria.
1873 4775 1941 4852 Est
1963 4793 1998 4852 et
2020 4783 2180 4874 quotidie

149 4881 259 4954 labor
281 4893 398 4952 vester
412 4875 530 4949 inanis
546 4875 586 4946 in
609 4877 770 4948 domino.
821 4877 892 4950 Sed
907 4875 1147 4950 vociferantur
1197 4878 1417 4950 ostendenda
1435 4889 1557 4950 contra
1581 4877 1744 4950 diabolos
1758 4879 1943 4952 consessio.
1996 4880 2182 4955 Praeterea

151 4981 322 5080 quidam:
348 5003 413 5052 cur
433 4981 554 5052 frenos
577 4977 682 5050 nobis
701 4977 869 5066 iniicitis,
893 5003 974 5051 cum
991 4977 1147 5052 doceatis
1198 4991 1352 5076 quamus
1377 4993 1501 5073 stupor
1530 4991 1601 5064 est,
1631 5003 1706 5052 non
1728 4981 1831 5051 adfici
1850 4983 1908 5054 vel
1934 4986 2182 5056 communibus

150 5081 252 5158 banc
266 5083 489 5174 diligentim
503 5080 649 5173 regendi
663 5093 824 5152 externos
838 5093 969 5174 gestus,
983 5105 1058 5153 uon
1073 5104 1147 5154 esse
1199 5082 1396 5167 aerumnis,
1431 5082 1488 5152 vel
1511 5080 1666 5174 propriis
1686 5082 1896 5156 vulneribus
1920 5099 1982 5158 aut
2004 5087 2182 5178 periculis,

152 5185 333 5260 iusticiam
366 5199 513 5282 propter
544 5205 653 5282 quam
675 5179 775 5256 Deus
808 5183 935 5276 recipit
961 5179 1149 5256 homines?
1200 5207 1352 5279 quorum
1368 5197 1576 5274 conspectus
1590 5207 1655 5254 nos
1675 5189 1974 5258 commonefacere
1994 5191 2039 5257 de
2061 5209 2182 5280 precs·

151 5287 254 5363 liuic
267 5287 458 5360 obiectioni
473 5309 575 5380 saepe
594 5272 631 5358 in
648 5285 780 5358 nostris
801 5285 940 5378 scriptis
961 5299 997 5358 et
1015 5309 1150 5356 sermo-
1200 5286 1298 5356 tione
1312 5283 1472 5357 debebat.
1507 5281 1556 5356 Et
1576 5284 1614 5354 in
1627 5285 1835 5358 recitatione
1848 5287 2010 5384 Symboli
2025 5313 2105 5360 cum
2119 5291 2184 5360 sd-

152 5391 267 5464 nibus
296 5389 565 5481 respondemus:
602 5389 772 5463 mandmo
802 5385 873 5469 Dei
905 5387 1151 5480 obtemperare
1202 5385 1371 5479 spicimus
1392 5397 1551 5456 nostram
1573 5385 1852 5460 imbecillitatem
1876 5401 1912 5460 et
1936 5389 2186 5476 dubitationes,

152 5515 282 5569 omnes
302 5512 441 5562 necesse
464 5503 535 5575 est,
565 5485 614 5563 Et
636 5483 724 5564 baec
744 5490 820 5584 ipsa
844 5489 1006 5587 qmmvis
1027 5489 1153 5580 exigua
1204 5487 1326 5570 crebra
1349 5487 1544 5580 repetitone
1567 5487 1825 5666 adsargbcimus
1847 5513 1914 5562 nos
1935 5493 1981 5562 sd
2001 5493 2187 5586 cogitans·
