4808 6176
130 277 201 356 su
500 261 504 269 ’
693 197 1147 386 brtsrotanuu
1200 253 1422 358 maru,
1457 251 1610 335 ,assa
1822 361 1824 368 Ι
2104 261 2180 338 sca

134 451 259 537 notis,
291 462 328 522 et
343 446 606 532 resuscitatum,
638 445 824 518 custodem
836 439 1016 514 Ecclesiae
1034 459 1129 530 suae,
1180 455 1256 504 non
1275 423 1505 518 necessarias,
1535 453 1642 526 quam
1666 455 1746 507 cum
1768 431 1893 504 scribit
1906 427 2178 532 Bellerophon-

134 565 232 632 uut
252 550 318 624 bas
339 551 502 642 regiones
523 563 558 620 et
580 571 702 620 sartam
717 547 900 639 principes
912 557 948 615 ct
963 533 1131 650 caeparios,
1180 543 1250 605 lam
1263 533 1487 627 postmultas
1501 533 1667 605 victorias
1682 531 1814 626 Pegaso
1829 537 1983 608 voluisse
1997 537 2101 608 etiarn
2118 539 2177 608 in-

135 659 196 754 qni
210 655 366 752 publicis
379 652 537 724 consiliis
553 652 749 736 intersunt,
775 660 937 740 protegat
950 659 984 718 et
999 645 1131 736 guber·
1179 651 1233 710 tra
1249 637 1387 708 coelum
1404 637 1448 706 ad
1467 634 1588 708 lovem
1602 631 1696 724 vehi,
1723 639 1783 708 sed
1798 661 1980 710 excussum
1994 654 2029 710 et
2045 641 2081 710 in
2099 641 2175 738 solo

136 775 206 832 net
255 757 406 830 Calend.
433 741 615 848 Septemb.
630 775 716 828 anns
734 747 847 828 1564.
1089 741 1098 754 '
1179 741 1350 812 afflictum
1368 739 1513 830 fregisse
1525 739 1678 832 pedem?
1714 739 1833 832 Quam
1850 741 2020 814 terribilis
2037 743 2174 834 pictura

744 853 748 866 “
1057 893 1061 902 -
1180 857 1233 914 est
1248 837 1421 929 Ixionis,
1455 865 1561 936 quem
1585 843 1635 914 ait
1658 843 1829 929 iacentem
1854 844 1894 914 in
1914 845 2173 916 rotaclamare:

139 948 1115 1028 ”·“·-···’““·““,“,·“““““““”“““·”-“““““’““““
1180 946 1304 1018 discit'e
1329 945 1500 1016 iustitiam
1526 945 1674 1028 moniti,
1705 959 1740 1018 et
1766 969 1841 1016 non
1867 961 2026 1020 temnere
2052 947 2176 1019 divos?

137 1099 192 1172 No
216 1095 317 1172 566¹
728 1049 731 1056 '
978 1101 1009 1164 1·
1024 1089 1108 1176 Sept.
1180 1041 1391 1119 Tantalum
1406 1045 1458 1119 ait·
1469 1047 1551 1118 ideo
1566 1049 1608 1118 ad
1627 1047 1759 1119 inferos
1772 1050 1949 1120 abiectum
1965 1072 2050 1138 esse,
2076 1053 2173 1148 qood

144 1149 333 1230 ...La-...¹
718 1189 726 1202 =
957 1147 1129 1216 lev-a
1180 1167 1304 1229 nectar
1325 1173 1367 1220 ex
1392 1149 1557 1220 convivio
1582 1153 1730 1222 deorum
1751 1153 1889 1223 iuratus
1910 1166 1997 1228 erat.
2055 1152 2174 1244 Quam

419 1295 617 1387 smmi
644 1295 847 1383 nalem·
1181 1355 1311 1428 Narrat
1324 1348 1474 1426 Pelcum
1497 1343 1542 1424 ab
1559 1350 1686 1426 Aceste
1705 1351 1857 1450 hospitis
1874 1357 2025 1449 coniuge
2041 1359 2175 1431 invita·

206 1463 331 1539 Epistola
350 1460 567 1546 nuncupatoria,
586 1459 742 1544 ‘praemiari
760 1458 847 1542 librae
878 1457 1042 1543 gratterium
1061 1457 1132 1512 Pro-
1181 1471 1257 1530 tum
1282 1459 1327 1528 ad
1353 1457 1585 1543 adulterium,
1622 1474 1842 1530 recusantem
1868 1485 1955 1530 vcro
1981 1485 2001 1530 a
2025 1461 2204 1544 muliere,

243 1533 339 1606 pbetae
357 1541 382 1586 et
396 1531 477 1600 Regu
490 1529 626 1598 Davrdts,
645 1527 766 1582 verubus
779 1527 905 1598 elegiacis
924 1533 1050 1600 (graecas)
1068 1527 1133 1580 red·
2192 1545 2197 1558 ·

244 1602 368 1656 diturus
389 1597 760 1666 PauloDolssioPlsvensi.
795 1597 914 1654 llasiless
931 1617 982 1672 per
998 1597 1039 1652 ln.
1052 1594 1134 1722 opo·
1181 1561 1270 1632 s³l⁸⁰
1295 1575 1495 1632 amalum
1522 1583 1615 1648 esse,
1649 1573 1684 1632 el
1704 1574 1889 1654 Proplffl'ffl
1905 1561 2094 1634 Cfflldffl'ls
2108 1561 2196 1636 oli-¹

243 1673 354 1740 riuum,
383 1687 448 1726 snn.
467 1670 507 1726 Μ.
520 1669 559 1726 D.
572 1668 638 1732 LV,
672 1685 765 1722 mense
791 1669 925 1739 Augusto.
954 1669 981 1724 8.
1022 1668 1060 1722 Ει

194 1869 198 1876 ,
243 1735 537 1884 giiintbsliiliili',
555 1735 1044 1930 ‘liiidiiii’tililesdldidai³iiaaii²
1059 1735 1134 1862 idai:
1163 1734 1323 1837 'centias
1340 1765 1467 1852 luisse,
1504 1779 1539 1836 et
1561 1789 1705 1836 ornasse
1730 1765 1924 1854 castitatem
1948 1783 1983 1838 et
2004 1769 2175 1840 iustitiam
2227 1829 2230 1836 .

242 1881 376 1956 prodisse.
394 1905 429 1920 ·-
466 1877 568 1933 Melant
589 1894 670 1930 onem
689 1893 747 1940 esse
767 1885 907 1931 auctorem
929 1875 1009 1932 buius
1028 1873 1135 1932 Dolscii
1168 1868 1353 1963 praemio,
1408 1865 1519 1939 Dedit
1541 1869 1637 1938 enim
1662 1891 1781 1940 ensem
1805 1868 1929 1956 Peleo,
1964 1875 2116 1967 eumque
2137 1873 2176 1942 {n

243 1943 1135 2086 :tulftatltsl'tltt*tatttlltaltftala¹3th
1184 1971 1320 2065 proelio
1337 1969 1545 2042 servavisse
1561 1971 1717 2054 adiuvit,
1744 1985 1786 2042 us
1802 1969 2062 2044 Centaurorum
2078 1997 2177 2044 exer-

247 2087 452 2144 ttstsuusnem
471 2085 529 2140 attis
547 2084 642 2155 tectas:
659 2099 792 2150 seramus,
820 2096 850 2140 us
870 2084 1043 2152 ttotamno,
1069 2081 1136 2138 viro
1184 2074 1294 2144 eitum
1317 2073 1464 2166 pelleret
1487 2087 1523 2142 et
1540 2075 1756 2166 profligaret.
1808 2073 1985 2146 Laudatio
2003 2078 2178 2147 estcasti-

250 2157 407 2226 uestem,
427 2153 556 2209 Βοιώ*
575 2169 638 2206 '²¹⁰
656 2149 882 2228 ‘¹”l·⁶⁵¹⁰³l¹⁸¹⁰³
899 2153 992 2222 saeris.
1185 2178 1267 2249 tatis
1282 2189 1316 2246 et
1330 2175 1484 2246 iustitiae
1501 2199 1699 2268 congruens
1716 2177 1890 2282 curulege
1904 2177 2038 2249 divina.

150 2327 564 2447 Ilonestissimis'or'rios,
599 2323 787 2428 sapientia
815 2335 847 2398 el
873 2327 1004 2448 pirtule
1028 2351 1138 2444 prac—
1188 2373 1218 2396 .-
1289 2377 1366 2452 R.
1455 2395 1468 2452 ι
1647 2382 1656 2399 ,
1735 2376 1759 2450 h
1964 2429 1968 2440 ι

146 2431 345 2524 stantibus,
360 2429 602 2506 Scuolonbus
618 2427 779 2528 inclytae
794 2429 898 2504 urbes
912 2427 1137 2504 Salinarum
1338 2407 1368 2452 ⁸¹
1407 2405 1451 2452 ³¹¹
1469 2405 1523 2452 ²¹¹¹
1565 2403 1696 2474 pamm
1762 2395 1882 2454 ⁰¹¹⁰⁵l²
1926 2399 2109 2477 Pl‘l‘c‘Plf'
2125 2446 2127 2454 ·
2145 2399 2179 2455 fil

148 2541 186 2612 in
213 2537 252 2610 n.
274 2563 299 2608 a
326 2533 444 2610 Sam
490 2524 669 2606 Paulus
704 2531 935 2608 Damius
969 2529 1137 2607 Saluum
1188 2486 1345 2576 exempla
1372 2484 1579 2554 suavissime
1612 2485 1808 2556 recitantur
1838 2485 1877 2554 in
1909 2483 2059 2556 Pindari
2091 2487 2210 2573 odis,'

177 2615 188 2654 s
246 2563 272 2638 Ρ
449 2592 501 2679 ’9
597 2633 695 2712 dicit·
804 2655 807 2662 ,
859 2685 862 2704 2
1187 2602 1334 2684 propter
1346 2611 1437 2681 quae
1454 2585 1675 2680 sapientibus
1694 2587 1782 2656 viris
1798 2587 1902 2660 lectio
1920 2589 1996 2658 eius
2011 2588 2180 2660 omnibus

446 2749 450 2754 .
1188 2689 1408 2781 temporibus
1432 2691 1688 2760 iucundissima
1711 2689 1809 2761 luit:¹
1831 2705 1950 2762 tamen
1976 2715 2042 2762 nos
2058 2691 2096 2760 in
2110 2687 2182 2761 Ec·

147 2783 275 2868 Audio
292 2785 476 2888 Angelum
491 2781 746 2868 Polilionum,
773 2787 873 2860 cuius
890 2785 1023 2864 iudicio
1043 2785 1139 2858 mul-
1189 2793 1294 2864 clesia
1317 2815 1391 2860 non
1417 2803 1556 2862 tanturn
1578 2787 1671 2862 banc
1693 2793 1904 2884 particulam
1928 2794 2034 2884 legis,
2074 2815 2180 2888 quam

147 2913 224 2970 tum
241 2895 357 2990 ipsius
371 2906 465 2966 aetas
480 2889 626 2978 tribuit,
652 2892 928 2980 interrogatum,
953 2889 1040 2984 quid
1059 2911 1140 2958 sen·
1188 2894 1366 2966 Pindarus
1382 2906 1417 2962 et
1433 2893 1494 2961 alii
1511 2893 1686 2985 sapientes
1704 2889 1837 2964 ethnici
1852 2899 2082 2986 proponunt,
2098 2895 2181 2988 quia
2236 2897 2239 2904 '

148 3003 232 3074 tiret
253 3001 299 3072 ds
316 2996 466 3070 Psalmis
479 2992 656 3080 Davidis,
683 3015 758 3064 non
781 2993 924 3088 quidem
947 2995 991 3064 de
1013 3013 1140 3082 genere
1190 2997 1311 3066 lumen
1334 2993 1440 3064 estin
1456 2995 1655 3080 mentibus,
1684 2997 1781 3090 quod
1798 2997 1902 3068 nobis
1920 3016 2002 3066 cum
2017 2997 2182 3082 nascitur,

148 3101 345 3187 sermonis,
382 3099 483 3194 quod
503 3100 597 3188 apud
620 3097 686 3166 nos
710 3095 936 3188 peregrinum
956 3118 1029 3166 esse
1054 3115 1140 3164 con·
1190 3099 1281 3168 scire
1302 3110 1457 3189 oportet:
1492 3099 1553 3167 sed
1577 3119 1717 3196 necesse
1733 3112 1803 3184 est,
1832 3121 1897 3168 nos
1910 3111 1944 3169 et
1960 3098 2055 3168 aliud
2072 3119 2184 3188 genus

149 3191 237 3287 stat,
265 3204 326 3274 sed
350 3203 395 3272 de
417 3199 635 3291 argumentis
653 3222 713 3268 scu
729 3199 890 3269 doctrina
907 3195 1141 3280 Psalmorum,
1191 3200 1393 3286 doctrinae,
1424 3199 1590 3270 videlieet
1604 3197 1791 3291 Evangelii
1816 3225 1937 3271 vocem
1961 3203 2006 3272 de
2025 3199 2099 3269 lilio
2114 3191 2182 3272 Dei

151 3306 393 3402 respondisse:
431 3327 467 3376 sc
500 3323 583 3372 vero
621 3303 724 3372 valde
756 3303 907 3393 probare
941 3299 1146 3382 sententias,
1193 3319 1226 3375 et
1252 3305 1297 3372 de
1318 3303 1468 3393 gratuiti
1494 3295 1703 3375 remissione
1723 3317 1968 3397 peccatorum,
1995 3305 2039 3372 de
2057 3323 2185 3372 recon-

151 3411 236 3508 quia
254 3403 888 3500 sintpraecepta‘virtutumomniurn
905 3403 1082 3486 civilium,
1108 3414 1143 3472 et
1193 3407 1392 3491 ciliatione‚
1432 3407 1477 3474 dc
1508 3403 1616 3476 bonis
1640 3407 1794 3476 aeternis
1820 3430 1922 3476 nosse
1949 3419 1983 3476 et
2010 3407 2187 3498 amplecti,

151 3511 436 3586 adseverationes
454 3509 498 3578 de
512 3507 735 3598 providentia
751 3507 848 3577 aede
863 3505 1060 3598 praesentia
1074 3498 1141 3574 Dei
1194 3533 1285 3605 quae
1299 3509 1368 3580 fuit
1382 3507 1502 3600 ignota
1517 3509 1696 3580 mentibus
1712 3505 1890 3596 humanis,
1915 3511 1975 3578 sed
1992 3531 2057 3600 per
2072 3509 2186 3578 blium

152 3621 191 3688 in
215 3637 343 3706 genere
366 3607 543 3692 bumano',
572 3612 617 3678 de
638 3611 764 3702 poenis
783 3609 1032 3705 sceleratorum
1052 3607 1144 3678 etde
1196 3639 1236 3682 ex
1260 3611 1341 3682 sinu
1364 3612 1497 3682 aeterni
1520 3615 1632 3704 patris
1649 3613 1785 3704 prolata
1802 3625 1863 3685 est.
1914 3610 2089 3682 Fortassis
2101 3607 2186 3680 hace

152 3715 427 3791 liberationibus
458 3713 653 3798 iustorum,
688 3727 723 3784 et
749 3707 811 3782 has
837 3711 930 3803 ipsas
956 3711 1144 3780 conciones
1196 3709 1390 3784 Politiono
1428 3715 1644 3785 videbantur
1683 3737 1756 3785 esse
1796 3715 2001 3784 barbaricae
2035 3715 2188 3787 fabulae.

151 3823 349 3892 illustratas
371 3839 445 3889 esse
469 3816 545 3886 elus
567 3815 680 3905 gentis
695 3809 865 3887 historiis.
916 3812 1143 3884 Multaenim
1197 3817 1266 3889 Sed
1302 3841 1369 3886 nos
1401 3817 1530 3886 scimus
1555 3813 1734 3888 Ecclesiae
1764 3817 1964 3888 doctrinam
1991 3817 2189 3887 illustribus

152 3947 230 3998 esse
251 3922 301 3992 ait
315 3914 464 4014 pulchra
478 3918 614 3988 lumina
628 3918 839 4010 figurarum,
864 3940 1016 4010 quarum
1031 3916 1146 3983 maior
1197 3919 1412 3990 testimoniis
1433 3943 1451 3988 a
1468 3919 1545 3990 Deo
1568 3919 1755 4002 traditam,
1770 3920 2027 4016 ¹‹soniis-sirmam
2048 3933 2081 3989 et
2097 3943 2188 3989 sem·

152 4027 225 4098 iuit
239 4023 353 4114 gratia
370 4022 409 4091 in
424 4043 488 4091 sua
503 4019 641 4110 lingua3
668 4022 787 4090 forsan
804 4033 837 4090 et
854 4017 1036 4088 accessisse
1058 4017 1144 4086 olim
1197 4045 1262 4115 per
1279 4033 1522 4116 conservatam
1542 4043 1633 4090 esse:
1674 4035 1708 4092 et
1730 4017 1901 4092 babemus
1923 4023 1961 4092 in
1987 4022 2188 4116 pectoribus

135 4121 280 4200 'dulces
304 4121 516 4210 ,harmonias
549 4115 633 4192 huic
658 4119 823 4210 gravitati
848 4119 1147 4210 praeceptionum,
1198 4124 1330 4192 nostris
1358 4135 1450 4191 certa
1477 4123 1695 4208 testimonia,
1716 4147 1827 4220 -quae
1850 4125 2094 4196 adsensionem
2122 4145 2188 4192 no-

154 4227 312 4328 qnerelis
345 4227 380 4296 e't
413 4223 714 4299 consolationibus
748 4221 1009 4292 convenientes.
1075 4218 1146 4294 Sed
1198 4239 1307 4294 atram
1336 4224 1559 4316 confirmant.
1625 4223 1716 4298 Cum
1743 4225 1854 4316 igitur
1874 4227 1914 4295 in
1936 4225 2084 4296 Psalmis
2106 4245 2189 4293 vera
2260 4233 2270 4256 '·

158 4351 277 4406 tamem
301 4323 389 4399 baec
409 4326 547 4408 omnia,
575 4325 710 4418 inquit,
736 4323 896 4394 dulciora
917 4323 1054 4395 suntin
1071 4346 1147 4392 car·
1200 4325 1386 4416 Evangelii
1419 4351 1486 4396 vox
1516 4342 1618 4398 sonet
1643 4331 1689 4398 de
1710 4329 1790 4400 lilio
1808 4325 1874 4398 Dei
1896 4329 2043 4396 domino
2068 4337 2211 4417 nostro,
2272 4369 2278 4394 .

158 4437 256 4506 mine
273 4429 477 4503 Pindarico.
528 4425 702 4498 Existimo
728 4442 845 4498 autem
870 4426 1037 4496 omnibus
1060 4440 1149 4496 tem·
1203 4427 1280 4498 le'su
1296 4424 1461 4510 Christo,
1496 4430 1570 4500 imo
1594 4455 1674 4500 cum
1700 4431 1777 4522 ipse
1796 4431 1890 4501 lilius
1911 4426 1996 4513 Dei,
2029 4421 2125 4498 aad
2139 4451 2189 4512 ος,

157 4539 310 4632 poribus
333 4533 384 4603 sic
406 4529 580 4602 iudicasse
601 4530 733 4602 multos
754 4531 878 4600 doctos
899 4529 1014 4613 viros,
1046 4527 1150 4617 igno·
1201 4553 1268 4600 nos
1288 4555 1374 4601 voce
1397 4527 1548 4602 Davidis
1569 4533 1791 4630 alloquatur,
1814 4533 2000 4602 audiamus
2023 4523 2087 4598 has
2106 4455 2192 4600 iar-

1181 1249 1364 1346 apte-hoc
1398 1253 1562 1344 congruit
1596 1255 1639 1322 ad
1680 1256 1897 1346 corruptelas
1938 1255 2177 1347 religionum?
2234 1267 2237 1274 '
2297 1281 2300 1288 ¹
2359 1227 2371 1256 ⁴

1103 1683 1134 1722 ιο
1182 1664 1312 1748 iactum
1335 1686 1408 1732 esse
1428 1663 1621 1750 inermem,
1647 1665 1706 1734 sed
1728 1665 1781 1735 ibi
1797 1661 1914 1735 Deum
1929 1679 2052 1736 testem
2068 1667 2176 1738 inno·
2337 1665 2339 1670 ’

158 4651 280 4712 rantes
297 4628 749 4706 discrimenEcclcsiaeDei
766 4645 800 4702 et
813 4633 964 4708 aliarum
980 4631 1151 4720 gentium,
1202 4633 1341 4703 monias
1356 4629 1526 4720 Doridis,
1558 4649 1591 4705 et
1609 4624 1778 4718 sciamus,
1806 4625 2191 4703 infinitum'disatmen
2283 4647 2324 4706 .·

157 4759 193 4816 et
220 4737 427 4810 discrimina
449 4734 691 4804 doctrinarum
715 4734 820 4824 legis,
851 4731 1061 4826 sapientiae,
1093 4755 1167 4802 ra·.
1203 4759 1277 4805 esse
1297 4737 1394 4807 inter
1414 4734 1476 4806 bas
1499 4739 1584 4808 odas
1607 4749 1640 4807 et
1661 4733 1879 4806 Pindaricae.
1936 4731 2064 4804 Statim
2087 4735 2191 4806 initio

157 4839 272 4930 tiopi‘s
303 4834 561 4928 et'Evangelii.
627 4834 858 4908 Manifestum
886 4850 938 4906 est
962 4835 1076 4920 enim,
1113 4833 1152 4902 in
1203 4836 1437 4932 praecipitur:
1461 4839 1670 4908 osculamini
1690 4839 1821 4922 llliom;
1849 4837 2192 4910 etaddnnturcom-

158 4943 354 5020 Pindarico
376 4941 533 5012 carmine
548 4937 701 5008 subinde
715 4939 827 5030 repeti
843 4935 1153 5010 commonefactio-
1206 4941 1355 5010 minatio
1377 4953 1412 5009 et
1433 4939 1633 5032 promissio.
1684 4935 1859 5010 Adfirmat
1883 4939 2104 5030 perditurum
2120 4963 2193 5010 esse

159 5073 227 5122 nes
251 5049 296 5118 de
316 5041 543 5140 providentia
565 5039 654 5122 Dei,
691 5054 876 5134 praecepta
901 5041 944 5110 dc
969 5040 1153 5110 retinenda
1206 5065 1278 5126 eos,
1296 5041 1359 5135 qui
1374 5043 1491 5134 ipsum
1506 5053 1752 5122 contemnunt,
1775 5055 1812 5112 at
1827 5041 2033 5114 salvoslore
2047 5065 2115 5128 eos,
2131 5039 2193 5136 qrri

160 5149 298 5224 iustitia
312 5147 405 5220 etde
418 5143 609 5227 modestia,
636 5157 670 5214 et
683 5141 976 5214 comminationes
989 5155 1024 5212 et
1038 5164 1156 5210 exem-
1206 5157 1411 5214 reverenter
1443 5167 1525 5212 eum
1554 5155 1744 5232 agnoscent
1768 5157 1805 5216 et
1830 5145 1999 5227 benefida
2024 5145 2100 5214 eius
2125 5145 2194 5213 fide

161 5256 223 5348 pla
246 5253 291 5322 de
309 5247 437 5342 poenis
465 5247 691 5320 iniustorum.
751 5243 944 5334 Quomodo
973 5243 1157 5314 venustius
1206 5245 1391 5337 accipient.
1450 5239 1547 5314 Hace
1567 5269 1650 5315 vera
1675 5260 1710 5318 et
1730 5269 1804 5318 non
1826 5248 1987 5318 fabulosa
2010 5269 2090 5316 esse
2099 5235 2195 5316 nnnc

161 5349 266 5450 pingi
288 5352 405 5442 unago
425 5343 585 5420 hominis
608 5347 692 5418 elati
706 5347 844 5438 magnis
858 5346 1075 5416 successibus
1092 5369 1158 5437 po-
1207 5369 1349 5442 quoqne
1369 5358 1505 5416 norunt
1528 5341 1588 5432 hi,
1624 5348 1690 5441 qni
1709 5351 1976 5436 adsentiuntur,
2015 5361 2050 5418 et
2076 5359 2196 5439 postea

162 5457 255 5540 tuit,
286 5451 351 5547 qui
366 5449 496 5524 deinde
510 5451 743 5522 immoderata
760 5447 953 5542 cupititate
969 5461 1089 5522 nsovet
1102 5469 1159 5519 res
1208 5449 1371 5522 ostendet
1384 5461 1551 5536 eventus,
1577 5470 1657 5518 com
1674 5451 1768 5523 ilios
1782 5449 1851 5524 Dei
1865 5451 2052 5522 manifesto
2070 5450 2197 5521 trium·
