<?xml version="1.0" encoding="UTF-8"?>
<!DOCTYPE html PUBLIC "-//W3C//DTD XHTML 1.0 Transitional//EN"
    "http://www.w3.org/TR/xhtml1/DTD/xhtml1-transitional.dtd">
<html xmlns="http://www.w3.org/1999/xhtml" xml:lang="en" lang="en">
 <head>
  <title>
</title>
<meta http-equiv="Content-Type" content="text/html;charset=utf-8" />
  <meta name='ocr-system' content='tesseract 3.04.00' />
  <meta name='ocr-capabilities' content='ocr_page ocr_carea ocr_par ocr_line ocrx_word'/>
</head>
<body>
  <div class='ocr_page' id='page_1' title='image "./philippimelanth05bindgoog_0263.png"; bbox 0 0 4808 6176; ppageno 0'>
   <div class='ocr_carea' id='block_1_1' title="bbox 141 219 284 327">
    <p class='ocr_par' dir='ltr' id='par_1_1' title="bbox 141 219 284 327">
     <span class='ocr_line' id='line_1_1' title="bbox 141 219 284 327; baseline -0.014 -2"><span class='ocrx_word' id='word_1_1' title='bbox 141 245 218 327; x_wconf 79' lang='lat' dir='ltr'><strong>aas</strong></span> <span class='ocrx_word' id='word_1_2' title='bbox 274 219 284 242; x_wconf 81' lang='grc'><strong>“</strong></span> 
     </span>
    </p>
   </div>
   <div class='ocr_carea' id='block_1_2' title="bbox 86 409 1137 1636">
    <p class='ocr_par' dir='ltr' id='par_1_2' title="bbox 86 409 1137 1636">
     <span class='ocr_line' id='line_1_2' title="bbox 141 409 1134 516; baseline -0.008 -22"><span class='ocrx_word' id='word_1_3' title='bbox 141 415 258 516; x_wconf 87' lang='lat' dir='ltr'><strong>ibi⁷)‚</strong></span> <span class='ocrx_word' id='word_1_4' title='bbox 289 439 428 490; x_wconf 89' lang='lat' dir='ltr'><strong>necesse</strong></span> <span class='ocrx_word' id='word_1_5' title='bbox 452 429 522 503; x_wconf 90' lang='lat' dir='ltr'><strong>est,</strong></span> <span class='ocrx_word' id='word_1_6' title='bbox 556 430 592 488; x_wconf 87' lang='lat' dir='ltr'><strong>et</strong></span> <span class='ocrx_word' id='word_1_7' title='bbox 611 437 740 512; x_wconf 88' lang='lat' dir='ltr'><strong>aquam</strong></span> <span class='ocrx_word' id='word_1_8' title='bbox 769 429 804 488; x_wconf 86' lang='lat' dir='ltr'><strong>et</strong></span> <span class='ocrx_word' id='word_1_9' title='bbox 825 416 951 486; x_wconf 87' lang='lat' dir='ltr'><strong>vinum</strong></span> <span class='ocrx_word' id='word_1_10' title='bbox 979 409 1134 500; x_wconf 83' lang='lat' dir='ltr'><strong>vehunt3</strong></span> 
     </span>
     <span class='ocr_line' id='line_1_3' title="bbox 143 517 1136 612; baseline -0.006 -18"><span class='ocrx_word' id='word_1_11' title='bbox 143 523 275 594; x_wconf 90' lang='lat' dir='ltr'><strong>deinde</strong></span> <span class='ocrx_word' id='word_1_12' title='bbox 299 545 380 592; x_wconf 91' lang='lat' dir='ltr'><strong>cum</strong></span> <span class='ocrx_word' id='word_1_13' title='bbox 396 521 621 590; x_wconf 91' lang='lat' dir='ltr'><strong>advenissent</strong></span> <span class='ocrx_word' id='word_1_14' title='bbox 636 520 855 612; x_wconf 77' lang='lat' dir='ltr'><strong>praedones,</strong></span> <span class='ocrx_word' id='word_1_15' title='bbox 880 517 1058 612; x_wconf 72' lang='lat' dir='ltr'><strong>intrepide</strong></span> <span class='ocrx_word' id='word_1_16' title='bbox 1080 541 1136 588; x_wconf 90' lang='lat' dir='ltr'><strong>sa-</strong></span> 
     </span>
     <span class='ocr_line' id='line_1_4' title="bbox 142 615 1136 713; baseline -0.009 -17"><span class='ocrx_word' id='word_1_17' title='bbox 142 627 236 696; x_wconf 85' lang='lat' dir='ltr'><strong>lutat</strong></span> <span class='ocrx_word' id='word_1_18' title='bbox 249 645 326 708; x_wconf 90' lang='lat' dir='ltr'><strong>eos,</strong></span> <span class='ocrx_word' id='word_1_19' title='bbox 341 623 407 708; x_wconf 89' lang='lat' dir='ltr'><strong>ait,</strong></span> <span class='ocrx_word' id='word_1_20' title='bbox 422 645 557 692; x_wconf 90' lang='lat' dir='ltr'><strong>rnorem</strong></span> <span class='ocrx_word' id='word_1_21' title='bbox 571 645 645 694; x_wconf 90' lang='lat' dir='ltr'><strong>esse</strong></span> <span class='ocrx_word' id='word_1_22' title='bbox 662 645 746 694; x_wconf 88' lang='lat' dir='ltr'><strong>suae</strong></span> <span class='ocrx_word' id='word_1_23' title='bbox 766 620 940 713; x_wconf 87' lang='lat' dir='ltr'><strong>pratriae,</strong></span> <span class='ocrx_word' id='word_1_24' title='bbox 961 633 1003 690; x_wconf 92' lang='lat' dir='ltr'><strong>ut</strong></span> <span class='ocrx_word' id='word_1_25' title='bbox 1017 615 1136 692; x_wconf 89' lang='lat' dir='ltr'><strong>homi·</strong></span> 
     </span>
     <span class='ocr_line' id='line_1_5' title="bbox 144 723 1135 816; baseline -0.006 -18"><span class='ocrx_word' id='word_1_26' title='bbox 144 751 209 798; x_wconf 91' lang='lat' dir='ltr'><strong>nes</strong></span> <span class='ocrx_word' id='word_1_27' title='bbox 225 725 373 796; x_wconf 78' lang='lat' dir='ltr'><strong>Nobiles</strong></span> <span class='ocrx_word' id='word_1_28' title='bbox 387 726 480 796; x_wconf 90' lang='lat' dir='ltr'><strong>inter</strong></span> <span class='ocrx_word' id='word_1_29' title='bbox 494 749 531 796; x_wconf 91' lang='lat' dir='ltr'><strong>se</strong></span> <span class='ocrx_word' id='word_1_30' title='bbox 547 726 591 794; x_wconf 92' lang='lat' dir='ltr'><strong>de</strong></span> <span class='ocrx_word' id='word_1_31' title='bbox 605 723 782 816; x_wconf 90' lang='lat' dir='ltr'><strong>imperiis,</strong></span> <span class='ocrx_word' id='word_1_32' title='bbox 808 725 852 794; x_wconf 91' lang='lat' dir='ltr'><strong>de</strong></span> <span class='ocrx_word' id='word_1_33' title='bbox 867 747 906 794; x_wconf 90' lang='lat' dir='ltr'><strong>re</strong></span> <span class='ocrx_word' id='word_1_34' title='bbox 918 723 1067 794; x_wconf 91' lang='lat' dir='ltr'><strong>militari</strong></span> <span class='ocrx_word' id='word_1_35' title='bbox 1082 723 1135 792; x_wconf 86' lang='lat' dir='ltr'><strong>fa·</strong></span> 
     </span>
     <span class='ocr_line' id='line_1_6' title="bbox 142 825 1136 921; baseline -0.008 -21"><span class='ocrx_word' id='word_1_36' title='bbox 142 828 333 900; x_wconf 90' lang='lat' dir='ltr'><strong>miliariter</strong></span> <span class='ocrx_word' id='word_1_37' title='bbox 348 829 387 896; x_wconf 91' lang='lat' dir='ltr'><strong>in</strong></span> <span class='ocrx_word' id='word_1_38' title='bbox 403 827 577 898; x_wconf 91' lang='lat' dir='ltr'><strong>conviviis</strong></span> <span class='ocrx_word' id='word_1_39' title='bbox 592 827 861 921; x_wconf 81' lang='lat' dir='ltr'><strong>colloquantur,</strong></span> <span class='ocrx_word' id='word_1_40' title='bbox 887 840 923 896; x_wconf 90' lang='lat' dir='ltr'><strong>et</strong></span> <span class='ocrx_word' id='word_1_41' title='bbox 945 825 1056 896; x_wconf 85' lang='lat' dir='ltr'><strong>multa</strong></span> <span class='ocrx_word' id='word_1_42' title='bbox 1078 825 1136 894; x_wconf 94' lang='lat' dir='ltr'><strong>di-</strong></span> 
     </span>
     <span class='ocr_line' id='line_1_7' title="bbox 142 923 1137 1022; baseline -0.009 -18"><span class='ocrx_word' id='word_1_43' title='bbox 142 944 264 1014; x_wconf 81' lang='lat' dir='ltr'><strong>scant,</strong></span> <span class='ocrx_word' id='word_1_44' title='bbox 288 953 391 1022; x_wconf 92' lang='lat' dir='ltr'><strong>saepe</strong></span> <span class='ocrx_word' id='word_1_45' title='bbox 409 929 515 998; x_wconf 87' lang='lat' dir='ltr'><strong>etiam</strong></span> <span class='ocrx_word' id='word_1_46' title='bbox 538 923 751 1000; x_wconf 86' lang='lat' dir='ltr'><strong>contrahant</strong></span> <span class='ocrx_word' id='word_1_47' title='bbox 768 929 940 1000; x_wconf 86' lang='lat' dir='ltr'><strong>amicitias</strong></span> <span class='ocrx_word' id='word_1_48' title='bbox 963 927 1137 1020; x_wconf 90' lang='lat' dir='ltr'><strong>reipubli-</strong></span> 
     </span>
     <span class='ocr_line' id='line_1_8' title="bbox 142 1023 1136 1124; baseline -0.009 -18"><span class='ocrx_word' id='word_1_49' title='bbox 142 1058 204 1106; x_wconf 90' lang='lat' dir='ltr'><strong>cae</strong></span> <span class='ocrx_word' id='word_1_50' title='bbox 226 1031 353 1118; x_wconf 88' lang='lat' dir='ltr'><strong>utiles;</strong></span> <span class='ocrx_word' id='word_1_51' title='bbox 388 1031 545 1102; x_wconf 89' lang='lat' dir='ltr'><strong>iudicare</strong></span> <span class='ocrx_word' id='word_1_52' title='bbox 566 1055 619 1117; x_wconf 90' lang='lat' dir='ltr'><strong>se,</strong></span> <span class='ocrx_word' id='word_1_53' title='bbox 646 1032 750 1102; x_wconf 88' lang='lat' dir='ltr'><strong>etiam</strong></span> <span class='ocrx_word' id='word_1_54' title='bbox 771 1033 866 1124; x_wconf 90' lang='lat' dir='ltr'><strong>ipsos</strong></span> <span class='ocrx_word' id='word_1_55' title='bbox 884 1054 958 1100; x_wconf 90' lang='lat' dir='ltr'><strong>esse</strong></span> <span class='ocrx_word' id='word_1_56' title='bbox 972 1023 1136 1100; x_wconf 88' lang='lat' dir='ltr'><strong>homines</strong></span> 
     </span>
     <span class='ocr_line' id='line_1_9' title="bbox 143 1133 1136 1227; baseline -0.004 -21"><span class='ocrx_word' id='word_1_57' title='bbox 143 1135 302 1220; x_wconf 84' lang='lat' dir='ltr'><strong>nobiles,</strong></span> <span class='ocrx_word' id='word_1_58' title='bbox 326 1146 361 1205; x_wconf 94' lang='lat' dir='ltr'><strong>et</strong></span> <span class='ocrx_word' id='word_1_59' title='bbox 383 1147 519 1227; x_wconf 92' lang='lat' dir='ltr'><strong>petere,</strong></span> <span class='ocrx_word' id='word_1_60' title='bbox 545 1147 586 1206; x_wconf 91' lang='lat' dir='ltr'><strong>ut</strong></span> <span class='ocrx_word' id='word_1_61' title='bbox 607 1159 688 1204; x_wconf 91' lang='lat' dir='ltr'><strong>cnm</strong></span> <span class='ocrx_word' id='word_1_62' title='bbox 710 1133 787 1204; x_wconf 93' lang='lat' dir='ltr'><strong>viro</strong></span> <span class='ocrx_word' id='word_1_63' title='bbox 814 1133 1001 1223; x_wconf 89' lang='lat' dir='ltr'><strong>peregrino</strong></span> <span class='ocrx_word' id='word_1_64' title='bbox 1019 1145 1054 1204; x_wconf 92' lang='lat' dir='ltr'><strong>et</strong></span> <span class='ocrx_word' id='word_1_65' title='bbox 1068 1134 1136 1202; x_wconf 88' lang='lat' dir='ltr'><strong>du-</strong></span> 
     </span>
     <span class='ocr_line' id='line_1_10' title="bbox 143 1233 1135 1327; baseline -0.007 -16"><span class='ocrx_word' id='word_1_66' title='bbox 143 1255 241 1311; x_wconf 90' lang='lat' dir='ltr'><strong>ctore</strong></span> <span class='ocrx_word' id='word_1_67' title='bbox 274 1237 489 1308; x_wconf 78' lang='lat' dir='ltr'><strong>exercituum</strong></span> <span class='ocrx_word' id='word_1_68' title='bbox 521 1238 746 1327; x_wconf 86' lang='lat' dir='ltr'><strong>prandeant..</strong></span> <span class='ocrx_word' id='word_1_69' title='bbox 797 1233 994 1306; x_wconf 88' lang='lat' dir='ltr'><strong>Moventur</strong></span> <span class='ocrx_word' id='word_1_70' title='bbox 1031 1235 1135 1304; x_wconf 87' lang='lat' dir='ltr'><strong>etiam</strong></span> 
     </span>
     <span class='ocr_line' id='line_1_11' title="bbox 86 1333 1133 1430; baseline -0.01 -14"><span class='ocrx_word' id='word_1_71' title='bbox 86 1403 92 1416; x_wconf 85' lang='grc'><em>,</em></span> <span class='ocrx_word' id='word_1_72' title='bbox 142 1339 289 1414; x_wconf 85' lang='lat' dir='ltr'><strong>barbari</strong></span> <span class='ocrx_word' id='word_1_73' title='bbox 311 1333 474 1409; x_wconf 90' lang='lat' dir='ltr'><strong>homines</strong></span> <span class='ocrx_word' id='word_1_74' title='bbox 495 1339 696 1410; x_wconf 87' lang='lat' dir='ltr'><strong>illustribus</strong></span> <span class='ocrx_word' id='word_1_75' title='bbox 711 1338 821 1430; x_wconf 89' lang='lat' dir='ltr'><strong>signis</strong></span> <span class='ocrx_word' id='word_1_76' title='bbox 836 1338 991 1411; x_wconf 89' lang='lat' dir='ltr'><strong>virtutis.</strong></span> <span class='ocrx_word' id='word_1_77' title='bbox 1042 1333 1133 1408; x_wconf 92' lang='lat' dir='ltr'><strong>Cum</strong></span> 
     </span>
     <span class='ocr_line' id='line_1_12' title="bbox 142 1436 1137 1534; baseline -0.005 -20"><span class='ocrx_word' id='word_1_78' title='bbox 142 1445 254 1534; x_wconf 86' lang='lat' dir='ltr'><strong>igitur</strong></span> <span class='ocrx_word' id='word_1_79' title='bbox 282 1441 479 1512; x_wconf 78' lang='lat' dir='ltr'><strong>latrunculi</strong></span> <span class='ocrx_word' id='word_1_80' title='bbox 512 1441 634 1512; x_wconf 90' lang='lat' dir='ltr'><strong>audita</strong></span> <span class='ocrx_word' id='word_1_81' title='bbox 659 1436 725 1512; x_wconf 91' lang='lat' dir='ltr'><strong>bae</strong></span> <span class='ocrx_word' id='word_1_82' title='bbox 749 1440 910 1513; x_wconf 88' lang='lat' dir='ltr'><strong>oratione</strong></span> <span class='ocrx_word' id='word_1_83' title='bbox 931 1439 1137 1530; x_wconf 77' lang='lat' dir='ltr'><strong>cogitarent,</strong></span> 
     </span>
     <span class='ocr_line' id='line_1_13' title="bbox 143 1537 1136 1636; baseline -0.008 -18"><span class='ocrx_word' id='word_1_84' title='bbox 143 1545 310 1618; x_wconf 83' lang='lat' dir='ltr'><strong>eximiam</strong></span> <span class='ocrx_word' id='word_1_85' title='bbox 329 1544 367 1612; x_wconf 92' lang='lat' dir='ltr'><strong>in</strong></span> <span class='ocrx_word' id='word_1_86' title='bbox 384 1537 453 1612; x_wconf 90' lang='lat' dir='ltr'><strong>hoe</strong></span> <span class='ocrx_word' id='word_1_87' title='bbox 471 1543 549 1614; x_wconf 89' lang='lat' dir='ltr'><strong>viro</strong></span> <span class='ocrx_word' id='word_1_88' title='bbox 568 1544 735 1614; x_wconf 91' lang='lat' dir='ltr'><strong>virtutem</strong></span> <span class='ocrx_word' id='word_1_89' title='bbox 759 1566 854 1627; x_wconf 89' lang='lat' dir='ltr'><strong>esse,</strong></span> <span class='ocrx_word' id='word_1_90' title='bbox 879 1545 924 1612; x_wconf 91' lang='lat' dir='ltr'><strong>de</strong></span> <span class='ocrx_word' id='word_1_91' title='bbox 948 1541 1047 1636; x_wconf 90' lang='lat' dir='ltr'><strong>equis</strong></span> <span class='ocrx_word' id='word_1_92' title='bbox 1072 1543 1136 1611; x_wconf 88' lang='lat' dir='ltr'><strong>de-</strong></span> 
     </span>
    </p>
   </div>
   <div class='ocr_carea' id='block_1_3' title="bbox 722 174 1673 318">
    <p class='ocr_par' dir='ltr' id='par_1_3' title="bbox 722 174 1673 318">
     <span class='ocr_line' id='line_1_14' title="bbox 722 174 1673 318; baseline -0.011 -2"><span class='ocrx_word' id='word_1_93' title='bbox 722 239 1164 318; x_wconf 74' lang='lat' dir='ltr'><strong>nPtsrotattuta</strong></span> <span class='ocrx_word' id='word_1_94' title='bbox 1216 174 1437 316; x_wconf 64' lang='lat' dir='ltr'><strong>attexta</strong></span> <span class='ocrx_word' id='word_1_95' title='bbox 1488 237 1617 316; x_wconf 79' lang='lat'><strong>1655.</strong></span> <span class='ocrx_word' id='word_1_96' title='bbox 1668 299 1673 306; x_wconf 92' lang='lat'>.</span> 
     </span>
    </p>
   </div>
   <div class='ocr_carea' id='block_1_4' title="bbox 2022 249 2190 325">
    <p class='ocr_par' dir='ltr' id='par_1_4' title="bbox 2022 249 2190 325">
     <span class='ocr_line' id='line_1_15' title="bbox 2022 249 2190 325; baseline 0.012 -2"><span class='ocrx_word' id='word_1_97' title='bbox 2022 275 2025 280; x_wconf 91' lang='lat'>·</span> <span class='ocrx_word' id='word_1_98' title='bbox 2114 249 2190 325; x_wconf 73' lang='grc'><strong>466</strong></span> 
     </span>
    </p>
   </div>
   <div class='ocr_carea' id='block_1_5' title="bbox 1187 409 2186 1629">
    <p class='ocr_par' dir='ltr' id='par_1_5' title="bbox 1187 409 2186 1629">
     <span class='ocr_line' id='line_1_16' title="bbox 1295 409 2186 510; baseline 0.011 -26"><span class='ocrx_word' id='word_1_99' title='bbox 1295 409 1417 484; x_wconf 86' lang='lat' dir='ltr'><strong>Tertia</strong></span> <span class='ocrx_word' id='word_1_100' title='bbox 1442 425 1495 484; x_wconf 86' lang='grc' dir='ltr'><strong>εει</strong></span> <span class='ocrx_word' id='word_1_101' title='bbox 1515 413 1608 484; x_wconf 88' lang='lat' dir='ltr'><strong>circa</strong></span> <span class='ocrx_word' id='word_1_102' title='bbox 1625 435 1825 489; x_wconf 83' lang='lat' dir='ltr'><strong>sermonem</strong></span> <span class='ocrx_word' id='word_1_103' title='bbox 1840 419 1958 510; x_wconf 90' lang='lat' dir='ltr'><strong>potius</strong></span> <span class='ocrx_word' id='word_1_104' title='bbox 1975 421 2109 510; x_wconf 86' lang='lat' dir='ltr'><strong>ingenii</strong></span> <span class='ocrx_word' id='word_1_105' title='bbox 2133 425 2186 494; x_wconf 83' lang='lat' dir='ltr'><strong>ia·</strong></span> 
     </span>
     <span class='ocr_line' id='line_1_17' title="bbox 1189 512 2185 614; baseline 0.008 -28"><span class='ocrx_word' id='word_1_106' title='bbox 1189 512 1301 586; x_wconf 88' lang='lat' dir='ltr'><strong>cultas</strong></span> <span class='ocrx_word' id='word_1_107' title='bbox 1317 539 1423 610; x_wconf 92' lang='lat' dir='ltr'><strong>quam</strong></span> <span class='ocrx_word' id='word_1_108' title='bbox 1439 516 1573 598; x_wconf 88' lang='lat' dir='ltr'><strong>virtus,</strong></span> <span class='ocrx_word' id='word_1_109' title='bbox 1593 517 1655 588; x_wconf 87' lang='lat' dir='ltr'><strong>sed</strong></span> <span class='ocrx_word' id='word_1_110' title='bbox 1670 520 1868 592; x_wconf 85' lang='lat' dir='ltr'><strong>moderatio</strong></span> <span class='ocrx_word' id='word_1_111' title='bbox 1886 521 2100 614; x_wconf 79' lang='lat' dir='ltr'><strong>intelligitur</strong></span> <span class='ocrx_word' id='word_1_112' title='bbox 2111 547 2185 596; x_wconf 86' lang='lat' dir='ltr'><strong>esse</strong></span> 
     </span>
     <span class='ocr_line' id='line_1_18' title="bbox 1188 613 2183 716; baseline 0.011 -30"><span class='ocrx_word' id='word_1_113' title='bbox 1188 616 1312 688; x_wconf 83' lang='lat' dir='ltr'><strong>virtus.</strong></span> <span class='ocrx_word' id='word_1_114' title='bbox 1357 613 1423 689; x_wconf 88' lang='lat' dir='ltr'><strong>Est</strong></span> <span class='ocrx_word' id='word_1_115' title='bbox 1438 631 1558 690; x_wconf 88' lang='lat' dir='ltr'><strong>autem</strong></span> <span class='ocrx_word' id='word_1_116' title='bbox 1590 643 1629 688; x_wconf 89' lang='lat' dir='ltr'><strong>re</strong></span> <span class='ocrx_word' id='word_1_117' title='bbox 1652 619 1727 711; x_wconf 89' lang='lat' dir='ltr'><strong>ipsa</strong></span> <span class='ocrx_word' id='word_1_118' title='bbox 1743 621 1877 711; x_wconf 85' lang='lat' dir='ltr'><strong>ingenii</strong></span> <span class='ocrx_word' id='word_1_119' title='bbox 1895 627 2071 710; x_wconf 86' lang='lat' dir='ltr'><strong>celeritas,</strong></span> <span class='ocrx_word' id='word_1_120' title='bbox 2094 627 2183 716; x_wconf 81' lang='lat' dir='ltr'><strong>ligu-</strong></span> 
     </span>
     <span class='ocr_line' id='line_1_19' title="bbox 1188 718 2182 818; baseline 0.016 -30"><span class='ocrx_word' id='word_1_121' title='bbox 1188 731 1263 788; x_wconf 90' lang='lat' dir='ltr'><strong>rate</strong></span> <span class='ocrx_word' id='word_1_122' title='bbox 1278 719 1474 792; x_wconf 90' lang='lat' dir='ltr'><strong>admonens</strong></span> <span class='ocrx_word' id='word_1_123' title='bbox 1487 733 1549 790; x_wconf 90' lang='lat' dir='ltr'><strong>aut</strong></span> <span class='ocrx_word' id='word_1_124' title='bbox 1563 718 1845 813; x_wconf 87' lang='lat' dir='ltr'><strong>reprehendens,</strong></span> <span class='ocrx_word' id='word_1_125' title='bbox 1872 729 2107 818; x_wconf 89' lang='lat' dir='ltr'><strong>comprobans</strong></span> <span class='ocrx_word' id='word_1_126' title='bbox 2121 744 2182 804; x_wconf 86' lang='lat' dir='ltr'><strong>aut</strong></span> 
     </span>
     <span class='ocr_line' id='line_1_20' title="bbox 1187 818 2183 914; baseline 0.01 -24"><span class='ocrx_word' id='word_1_127' title='bbox 1187 821 1365 908; x_wconf 78' lang='lat' dir='ltr'><strong>refutans,</strong></span> <span class='ocrx_word' id='word_1_128' title='bbox 1394 847 1455 894; x_wconf 96' lang='grc' dir='ltr'>εει]</span> <span class='ocrx_word' id='word_1_129' title='bbox 1478 818 1695 914; x_wconf 87' lang='lat' dir='ltr'><strong>metaphoris</strong></span> <span class='ocrx_word' id='word_1_130' title='bbox 1719 851 1781 898; x_wconf 91' lang='lat' dir='ltr'><strong>seu</strong></span> <span class='ocrx_word' id='word_1_131' title='bbox 1802 829 1918 900; x_wconf 89' lang='lat' dir='ltr'><strong>ironia</strong></span> <span class='ocrx_word' id='word_1_132' title='bbox 1940 855 2002 902; x_wconf 90' lang='lat' dir='ltr'><strong>scu</strong></span> <span class='ocrx_word' id='word_1_133' title='bbox 2030 832 2183 901; x_wconf 87' lang='lat' dir='ltr'><strong>transla-</strong></span> 
     </span>
     <span class='ocr_line' id='line_1_21' title="bbox 1188 923 2180 1028; baseline 0.011 -34"><span class='ocrx_word' id='word_1_134' title='bbox 1188 923 1285 994; x_wconf 89' lang='lat' dir='ltr'><strong>tione</strong></span> <span class='ocrx_word' id='word_1_135' title='bbox 1309 948 1512 1008; x_wconf 89' lang='lat' dir='ltr'><strong>eausarum,</strong></span> <span class='ocrx_word' id='word_1_136' title='bbox 1539 949 1601 996; x_wconf 91' lang='lat' dir='ltr'><strong>seu</strong></span> <span class='ocrx_word' id='word_1_137' title='bbox 1622 927 1786 1020; x_wconf 89' lang='lat' dir='ltr'><strong>ambigua</strong></span> <span class='ocrx_word' id='word_1_138' title='bbox 1805 933 1983 1018; x_wconf 88' lang='lat' dir='ltr'><strong>oratione,</strong></span> <span class='ocrx_word' id='word_1_139' title='bbox 2009 957 2070 1002; x_wconf 91' lang='grc' dir='ltr'>εει]</span> <span class='ocrx_word' id='word_1_140' title='bbox 2087 959 2180 1028; x_wconf 80' lang='grc' dir='ltr'><strong><em>παρ-</em></strong></span> 
     </span>
     <span class='ocr_line' id='line_1_22' title="bbox 1189 1020 2182 1128; baseline 0.01 -32"><span class='ocrx_word' id='word_1_141' title='bbox 1189 1020 1397 1121; x_wconf 66' lang='lat' dir='ltr'><strong>cauponula,</strong></span> <span class='ocrx_word' id='word_1_142' title='bbox 1428 1051 1489 1098; x_wconf 91' lang='lat' dir='ltr'><strong>sen</strong></span> <span class='ocrx_word' id='word_1_143' title='bbox 1511 1029 1687 1120; x_wconf 88' lang='lat' dir='ltr'><strong>apologis,</strong></span> <span class='ocrx_word' id='word_1_144' title='bbox 1721 1055 1782 1102; x_wconf 88' lang='lat' dir='ltr'><strong>seu</strong></span> <span class='ocrx_word' id='word_1_145' title='bbox 1808 1029 1986 1104; x_wconf 85' lang='lat' dir='ltr'><strong>historicis</strong></span> <span class='ocrx_word' id='word_1_146' title='bbox 2012 1037 2182 1128; x_wconf 84' lang='lat' dir='ltr'><strong>exemplis</strong></span> 
     </span>
     <span class='ocr_line' id='line_1_23' title="bbox 1187 1128 2180 1228; baseline 0.012 -32"><span class='ocrx_word' id='word_1_147' title='bbox 1187 1151 1250 1197; x_wconf 90' lang='lat' dir='ltr'><strong>seu</strong></span> <span class='ocrx_word' id='word_1_148' title='bbox 1265 1128 1483 1228; x_wconf 86' lang='lat' dir='ltr'><strong>comicisseu</strong></span> <span class='ocrx_word' id='word_1_149' title='bbox 1506 1131 1664 1220; x_wconf 89' lang='lat' dir='ltr'><strong>tragicis,</strong></span> <span class='ocrx_word' id='word_1_150' title='bbox 1689 1157 1750 1204; x_wconf 89' lang='grc' dir='ltr'>εει]</span> <span class='ocrx_word' id='word_1_151' title='bbox 1765 1137 1918 1226; x_wconf 84' lang='lat' dir='ltr'><strong>gnomis.</strong></span> <span class='ocrx_word' id='word_1_152' title='bbox 1970 1134 2061 1208; x_wconf 90' lang='lat' dir='ltr'><strong>Cum</strong></span> <span class='ocrx_word' id='word_1_153' title='bbox 2084 1139 2180 1208; x_wconf 90' lang='lat' dir='ltr'><strong>enim</strong></span> 
     </span>
     <span class='ocr_line' id='line_1_24' title="bbox 1189 1230 2178 1330; baseline 0.008 -30"><span class='ocrx_word' id='word_1_154' title='bbox 1189 1230 1350 1302; x_wconf 89' lang='lat' dir='ltr'><strong>celeriter</strong></span> <span class='ocrx_word' id='word_1_155' title='bbox 1376 1255 1476 1300; x_wconf 91' lang='lat' dir='ltr'><strong>mens</strong></span> <span class='ocrx_word' id='word_1_156' title='bbox 1502 1245 1536 1304; x_wconf 91' lang='lat' dir='ltr'><strong>et</strong></span> <span class='ocrx_word' id='word_1_157' title='bbox 1562 1247 1699 1326; x_wconf 89' lang='lat' dir='ltr'><strong>praeter</strong></span> <span class='ocrx_word' id='word_1_158' title='bbox 1725 1237 1877 1308; x_wconf 88' lang='lat' dir='ltr'><strong>aliorum</strong></span> <span class='ocrx_word' id='word_1_159' title='bbox 1901 1240 2178 1330; x_wconf 86' lang='lat' dir='ltr'><strong>expectationem</strong></span> 
     </span>
     <span class='ocr_line' id='line_1_25' title="bbox 1188 1333 2178 1426; baseline 0.01 -24"><span class='ocrx_word' id='word_1_160' title='bbox 1188 1333 1271 1403; x_wconf 82' lang='lat' dir='ltr'><strong>iacit</strong></span> <span class='ocrx_word' id='word_1_161' title='bbox 1287 1333 1511 1404; x_wconf 89' lang='lat' dir='ltr'><strong>collationem</strong></span> <span class='ocrx_word' id='word_1_162' title='bbox 1529 1360 1608 1404; x_wconf 91' lang='lat' dir='ltr'><strong>cum</strong></span> <span class='ocrx_word' id='word_1_163' title='bbox 1626 1360 1663 1406; x_wconf 95' lang='lat' dir='ltr'><strong>re</strong></span> <span class='ocrx_word' id='word_1_164' title='bbox 1676 1337 1804 1426; x_wconf 86' lang='lat' dir='ltr'><strong>simili,</strong></span> <span class='ocrx_word' id='word_1_165' title='bbox 1829 1355 1892 1411; x_wconf 86' lang='lat' dir='ltr'><strong>aut</strong></span> <span class='ocrx_word' id='word_1_166' title='bbox 1911 1343 2078 1414; x_wconf 79' lang='lat' dir='ltr'><strong>transfert</strong></span> <span class='ocrx_word' id='word_1_167' title='bbox 2096 1367 2178 1412; x_wconf 82' lang='lat' dir='ltr'><strong>catt-</strong></span> 
     </span>
     <span class='ocr_line' id='line_1_26' title="bbox 1188 1435 2179 1538; baseline 0.01 -34"><span class='ocrx_word' id='word_1_168' title='bbox 1188 1459 1261 1520; x_wconf 85' lang='lat' dir='ltr'><strong>sas,</strong></span> <span class='ocrx_word' id='word_1_169' title='bbox 1286 1435 1507 1506; x_wconf 88' lang='lat' dir='ltr'><strong>concinnitas</strong></span> <span class='ocrx_word' id='word_1_170' title='bbox 1526 1438 1798 1510; x_wconf 86' lang='lat' dir='ltr'><strong>admirationem</strong></span> <span class='ocrx_word' id='word_1_171' title='bbox 1819 1443 1931 1534; x_wconf 90' lang='lat' dir='ltr'><strong>parit,</strong></span> <span class='ocrx_word' id='word_1_172' title='bbox 1957 1469 2066 1538; x_wconf 90' lang='lat' dir='ltr'><strong>eaque</strong></span> <span class='ocrx_word' id='word_1_173' title='bbox 2087 1445 2179 1514; x_wconf 91' lang='lat' dir='ltr'><strong>dicta</strong></span> 
     </span>
     <span class='ocr_line' id='line_1_27' title="bbox 1188 1535 2180 1629; baseline 0.011 -24"><span class='ocrx_word' id='word_1_174' title='bbox 1188 1551 1272 1608; x_wconf 90' lang='lat' dir='ltr'><strong>sunt</strong></span> <span class='ocrx_word' id='word_1_175' title='bbox 1289 1537 1375 1606; x_wconf 90' lang='lat' dir='ltr'><strong>alias</strong></span> <span class='ocrx_word' id='word_1_176' title='bbox 1392 1539 1461 1609; x_wconf 89' lang='lat' dir='ltr'><strong>ioci</strong></span> <span class='ocrx_word' id='word_1_177' title='bbox 1478 1540 1518 1608; x_wconf 91' lang='lat' dir='ltr'><strong>in</strong></span> <span class='ocrx_word' id='word_1_178' title='bbox 1533 1541 1679 1610; x_wconf 90' lang='lat' dir='ltr'><strong>materia</strong></span> <span class='ocrx_word' id='word_1_179' title='bbox 1697 1535 1823 1629; x_wconf 88' lang='lat' dir='ltr'><strong>hilari,</strong></span> <span class='ocrx_word' id='word_1_180' title='bbox 1849 1546 1936 1615; x_wconf 90' lang='lat' dir='ltr'><strong>alias</strong></span> <span class='ocrx_word' id='word_1_181' title='bbox 1952 1547 2065 1618; x_wconf 90' lang='lat' dir='ltr'><strong>aculei</strong></span> <span class='ocrx_word' id='word_1_182' title='bbox 2082 1571 2180 1616; x_wconf 89' lang='lat' dir='ltr'><strong>acer-</strong></span> 
     </span>
    </p>
   </div>
   <div class='ocr_carea' id='block_1_6' title="bbox 142 1639 2182 3270">
    <p class='ocr_par' dir='ltr' id='par_1_6' title="bbox 142 1639 2182 3270">
     <span class='ocr_line' id='line_1_28' title="bbox 143 1639 2178 1736; baseline -0.001 -16"><span class='ocrx_word' id='word_1_183' title='bbox 143 1647 338 1732; x_wconf 87' lang='lat' dir='ltr'><strong>seendunt,</strong></span> <span class='ocrx_word' id='word_1_184' title='bbox 360 1659 562 1716; x_wconf 88' lang='lat' dir='ltr'><strong>reverenter</strong></span> <span class='ocrx_word' id='word_1_185' title='bbox 577 1645 751 1731; x_wconf 89' lang='lat' dir='ltr'><strong>salutant,</strong></span> <span class='ocrx_word' id='word_1_186' title='bbox 773 1645 930 1716; x_wconf 87' lang='lat' dir='ltr'><strong>assident</strong></span> <span class='ocrx_word' id='word_1_187' title='bbox 944 1645 977 1714; x_wconf 92' lang='lat' dir='ltr'><strong>ei</strong></span> <span class='ocrx_word' id='word_1_188' title='bbox 992 1644 1031 1712; x_wconf 92' lang='lat' dir='ltr'><strong>in</strong></span> <span class='ocrx_word' id='word_1_189' title='bbox 1058 1668 1136 1714; x_wconf 87' lang='lat' dir='ltr'><strong>are·</strong></span> <span class='ocrx_word' id='word_1_190' title='bbox 1188 1639 1232 1708; x_wconf 90' lang='lat' dir='ltr'><strong>be</strong></span> <span class='ocrx_word' id='word_1_191' title='bbox 1252 1652 1410 1710; x_wconf 87' lang='lat' dir='ltr'><strong>taxantes</strong></span> <span class='ocrx_word' id='word_1_192' title='bbox 1434 1641 1582 1734; x_wconf 87' lang='lat' dir='ltr'><strong>aliquid.</strong></span> <span class='ocrx_word' id='word_1_193' title='bbox 1635 1639 1779 1714; x_wconf 86' lang='lat' dir='ltr'><strong>Pictura</strong></span> <span class='ocrx_word' id='word_1_194' title='bbox 1807 1647 1957 1736; x_wconf 87' lang='lat' dir='ltr'><strong>insignis</strong></span> <span class='ocrx_word' id='word_1_195' title='bbox 1976 1650 2066 1734; x_wconf 84' lang='lat' dir='ltr'><strong>fuit,</strong></span> <span class='ocrx_word' id='word_1_196' title='bbox 2098 1674 2178 1718; x_wconf 72' lang='lat' dir='ltr'><strong>carm</strong></span> 
     </span>
     <span class='ocr_line' id='line_1_29' title="bbox 144 1735 2179 1840; baseline -0.001 -18"><span class='ocrx_word' id='word_1_197' title='bbox 144 1751 201 1822; x_wconf 87' lang='lat' dir='ltr'><strong>nis</strong></span> <span class='ocrx_word' id='word_1_198' title='bbox 216 1763 251 1822; x_wconf 88' lang='lat' dir='ltr'><strong>et</strong></span> <span class='ocrx_word' id='word_1_199' title='bbox 265 1747 373 1819; x_wconf 90' lang='lat' dir='ltr'><strong>simul</strong></span> <span class='ocrx_word' id='word_1_200' title='bbox 397 1749 585 1840; x_wconf 89' lang='lat' dir='ltr'><strong>prandent.</strong></span> <span class='ocrx_word' id='word_1_201' title='bbox 635 1746 766 1820; x_wconf 87' lang='lat' dir='ltr'><strong>Narrat</strong></span> <span class='ocrx_word' id='word_1_202' title='bbox 783 1743 1052 1820; x_wconf 80' lang='lat' dir='ltr'><strong>Sanseoerinns</strong></span> <span class='ocrx_word' id='word_1_203' title='bbox 1073 1771 1138 1838; x_wconf 90' lang='lat' dir='ltr'><strong>per</strong></span> <span class='ocrx_word' id='word_1_204' title='bbox 1188 1735 1377 1812; x_wconf 81' lang='lat' dir='ltr'><strong>Demades</strong></span> <span class='ocrx_word' id='word_1_205' title='bbox 1398 1743 1465 1829; x_wconf 91' lang='lat' dir='ltr'><strong>ait,</strong></span> <span class='ocrx_word' id='word_1_206' title='bbox 1490 1739 1860 1818; x_wconf 85' lang='lat' dir='ltr'><strong>Alexandromortuo</strong></span> <span class='ocrx_word' id='word_1_207' title='bbox 1886 1751 2077 1820; x_wconf 86' lang='lat' dir='ltr'><strong>exercitum</strong></span> <span class='ocrx_word' id='word_1_208' title='bbox 2103 1751 2179 1820; x_wconf 90' lang='lat' dir='ltr'><strong>eius</strong></span> 
     </span>
     <span class='ocr_line' id='line_1_30' title="bbox 145 1841 2181 1946; baseline 0 -22"><span class='ocrx_word' id='word_1_209' title='bbox 145 1855 394 1946; x_wconf 87' lang='lat' dir='ltr'><strong>interpretem,</strong></span> <span class='ocrx_word' id='word_1_210' title='bbox 419 1873 456 1920; x_wconf 88' lang='lat' dir='ltr'><strong>se</strong></span> <span class='ocrx_word' id='word_1_211' title='bbox 472 1845 654 1922; x_wconf 92' lang='lat' dir='ltr'><strong>hominem</strong></span> <span class='ocrx_word' id='word_1_212' title='bbox 670 1847 799 1921; x_wconf 89' lang='lat' dir='ltr'><strong>Italum</strong></span> <span class='ocrx_word' id='word_1_213' title='bbox 815 1873 905 1936; x_wconf 92' lang='lat' dir='ltr'><strong>esse,</strong></span> <span class='ocrx_word' id='word_1_214' title='bbox 931 1863 966 1920; x_wconf 93' lang='lat' dir='ltr'><strong>et</strong></span> <span class='ocrx_word' id='word_1_215' title='bbox 983 1873 1137 1920; x_wconf 91' lang='lat' dir='ltr'><strong>comme·</strong></span> <span class='ocrx_word' id='word_1_216' title='bbox 1187 1843 1340 1914; x_wconf 89' lang='lat' dir='ltr'><strong>similem</strong></span> <span class='ocrx_word' id='word_1_217' title='bbox 1364 1868 1438 1914; x_wconf 89' lang='lat' dir='ltr'><strong>esse</strong></span> <span class='ocrx_word' id='word_1_218' title='bbox 1458 1841 1608 1940; x_wconf 89' lang='lat' dir='ltr'><strong>Cyclopi</strong></span> <span class='ocrx_word' id='word_1_219' title='bbox 1633 1847 1759 1920; x_wconf 84' lang='lat' dir='ltr'><strong>effosso</strong></span> <span class='ocrx_word' id='word_1_220' title='bbox 1779 1850 1895 1923; x_wconf 91' lang='lat' dir='ltr'><strong>oculo.</strong></span> <span class='ocrx_word' id='word_1_221' title='bbox 1945 1849 2015 1922; x_wconf 90' lang='lat' dir='ltr'><strong>Hie</strong></span> <span class='ocrx_word' id='word_1_222' title='bbox 2044 1853 2181 1945; x_wconf 84' lang='lat' dir='ltr'><strong>peperit</strong></span> 
     </span>
     <span class='ocr_line' id='line_1_31' title="bbox 147 1947 2180 2048; baseline -0.001 -22"><span class='ocrx_word' id='word_1_223' title='bbox 147 1967 283 2040; x_wconf 85' lang='lat' dir='ltr'><strong>morat,</strong></span> <span class='ocrx_word' id='word_1_224' title='bbox 308 1975 398 2048; x_wconf 89' lang='lat' dir='ltr'><strong>quae</strong></span> <span class='ocrx_word' id='word_1_225' title='bbox 411 1952 483 2022; x_wconf 90' lang='lat' dir='ltr'><strong>sint</strong></span> <span class='ocrx_word' id='word_1_226' title='bbox 497 1954 685 2045; x_wconf 86' lang='lat' dir='ltr'><strong>praecipua</strong></span> <span class='ocrx_word' id='word_1_227' title='bbox 701 1953 740 2022; x_wconf 92' lang='lat' dir='ltr'><strong>in</strong></span> <span class='ocrx_word' id='word_1_228' title='bbox 757 1949 903 2044; x_wconf 89' lang='lat' dir='ltr'><strong>Europa</strong></span> <span class='ocrx_word' id='word_1_229' title='bbox 918 1974 1045 2041; x_wconf 87' lang='lat' dir='ltr'><strong>regna,</strong></span> <span class='ocrx_word' id='word_1_230' title='bbox 1071 1975 1137 2020; x_wconf 91' lang='lat' dir='ltr'><strong>nec</strong></span> <span class='ocrx_word' id='word_1_231' title='bbox 1188 1947 1461 2016; x_wconf 84' lang='lat' dir='ltr'><strong>admirationem</strong></span> <span class='ocrx_word' id='word_1_232' title='bbox 1496 1947 1718 2020; x_wconf 90' lang='lat' dir='ltr'><strong>concinnitas</strong></span> <span class='ocrx_word' id='word_1_233' title='bbox 1740 1951 1777 2020; x_wconf 90' lang='lat' dir='ltr'><strong>in</strong></span> <span class='ocrx_word' id='word_1_234' title='bbox 1806 1952 2006 2024; x_wconf 91' lang='lat' dir='ltr'><strong>collatione.</strong></span> <span class='ocrx_word' id='word_1_235' title='bbox 2063 1953 2180 2026; x_wconf 58' lang='lat' dir='ltr'><strong>Meta*</strong></span> 
     </span>
     <span class='ocr_line' id='line_1_32' title="bbox 154 2043 2181 2148; baseline -0 -20"><span class='ocrx_word' id='word_1_236' title='bbox 154 2080 273 2146; x_wconf 87' lang='lat' dir='ltr'><strong>regum</strong></span> <span class='ocrx_word' id='word_1_237' title='bbox 293 2078 366 2126; x_wconf 90' lang='lat' dir='ltr'><strong>esse</strong></span> <span class='ocrx_word' id='word_1_238' title='bbox 386 2054 563 2124; x_wconf 84' lang='lat' dir='ltr'><strong>infinitam</strong></span> <span class='ocrx_word' id='word_1_239' title='bbox 589 2068 799 2148; x_wconf 89' lang='lat' dir='ltr'><strong>potestatem</strong></span> <span class='ocrx_word' id='word_1_240' title='bbox 823 2057 884 2124; x_wconf 91' lang='lat' dir='ltr'><strong>sed</strong></span> <span class='ocrx_word' id='word_1_241' title='bbox 906 2054 1045 2144; x_wconf 89' lang='lat' dir='ltr'><strong>legibus</strong></span> <span class='ocrx_word' id='word_1_242' title='bbox 1066 2053 1136 2122; x_wconf 90' lang='lat' dir='ltr'><strong>cir·</strong></span> <span class='ocrx_word' id='word_1_243' title='bbox 1190 2043 1323 2140; x_wconf 81' lang='lat' dir='ltr'><strong>phocae</strong></span> <span class='ocrx_word' id='word_1_244' title='bbox 1353 2063 1522 2120; x_wconf 88' lang='lat' dir='ltr'><strong>venustae</strong></span> <span class='ocrx_word' id='word_1_245' title='bbox 1554 2063 1637 2118; x_wconf 92' lang='lat' dir='ltr'><strong>sunt</strong></span> <span class='ocrx_word' id='word_1_246' title='bbox 1669 2051 1707 2120; x_wconf 90' lang='lat' dir='ltr'><strong>in</strong></span> <span class='ocrx_word' id='word_1_247' title='bbox 1737 2053 1849 2122; x_wconf 90' lang='lat' dir='ltr'><strong>dicto:</strong></span> <span class='ocrx_word' id='word_1_248' title='bbox 1882 2047 1996 2126; x_wconf 79' lang='lat' dir='ltr'><strong>aliud</strong></span> <span class='ocrx_word' id='word_1_249' title='bbox 2025 2065 2076 2126; x_wconf 83' lang='lat' dir='ltr'><strong>est</strong></span> <span class='ocrx_word' id='word_1_250' title='bbox 2107 2081 2181 2128; x_wconf 83' lang='lat' dir='ltr'><strong>see·</strong></span> 
     </span>
     <span class='ocr_line' id='line_1_33' title="bbox 159 2145 2181 2249; baseline 0.008 -21"><span class='ocrx_word' id='word_1_251' title='bbox 159 2156 412 2249; x_wconf 79' lang='lat' dir='ltr'><strong>conscriptam,</strong></span> <span class='ocrx_word' id='word_1_252' title='bbox 433 2169 467 2226; x_wconf 89' lang='lat' dir='ltr'><strong>et</strong></span> <span class='ocrx_word' id='word_1_253' title='bbox 483 2158 613 2246; x_wconf 88' lang='lat' dir='ltr'><strong>gradus</strong></span> <span class='ocrx_word' id='word_1_254' title='bbox 628 2153 921 2241; x_wconf 88' lang='lat' dir='ltr'><strong>essehominum,</strong></span> <span class='ocrx_word' id='word_1_255' title='bbox 937 2156 1137 2227; x_wconf 90' lang='lat' dir='ltr'><strong>distinctio·</strong></span> <span class='ocrx_word' id='word_1_256' title='bbox 1186 2159 1330 2247; x_wconf 66' lang='lat' dir='ltr'><strong>pirum,</strong></span> <span class='ocrx_word' id='word_1_257' title='bbox 1345 2145 1459 2220; x_wconf 62' lang='lat' dir='ltr'><strong>“liud</strong></span> <span class='ocrx_word' id='word_1_258' title='bbox 1468 2147 1666 2248; x_wconf 53' lang='lat' dir='ltr'><strong>pilarum,</strong></span> <span class='ocrx_word' id='word_1_259' title='bbox 1692 2167 1724 2224; x_wconf 69' lang='lat' dir='ltr'><strong>el</strong></span> <span class='ocrx_word' id='word_1_260' title='bbox 1739 2157 1936 2228; x_wconf 63' lang='grc' dir='ltr'>θῦιῐιῡῐιῖῑῑθ</span> <span class='ocrx_word' id='word_1_261' title='bbox 1954 2158 2102 2248; x_wconf 52' lang='lat' dir='ltr'><strong>figuram</strong></span> <span class='ocrx_word' id='word_1_262' title='bbox 2118 2174 2181 2245; x_wconf 73' lang='lat'><strong>⁰⁵¹,</strong></span> 
     </span>
     <span class='ocr_line' id='line_1_34' title="bbox 154 2253 2181 2350; baseline 0.002 -22"><span class='ocrx_word' id='word_1_263' title='bbox 154 2283 236 2328; x_wconf 87' lang='lat' dir='ltr'><strong>nem</strong></span> <span class='ocrx_word' id='word_1_264' title='bbox 252 2259 490 2329; x_wconf 92' lang='lat' dir='ltr'><strong>dominiorum</strong></span> <span class='ocrx_word' id='word_1_265' title='bbox 509 2272 545 2329; x_wconf 89' lang='lat' dir='ltr'><strong>et</strong></span> <span class='ocrx_word' id='word_1_266' title='bbox 562 2259 707 2342; x_wconf 88' lang='lat' dir='ltr'><strong>iudicia,</strong></span> <span class='ocrx_word' id='word_1_267' title='bbox 727 2259 874 2329; x_wconf 80' lang='lat' dir='ltr'><strong>defendi</strong></span> <span class='ocrx_word' id='word_1_268' title='bbox 887 2259 998 2330; x_wconf 90' lang='lat' dir='ltr'><strong>iustos</strong></span> <span class='ocrx_word' id='word_1_269' title='bbox 1013 2271 1135 2328; x_wconf 88' lang='lat' dir='ltr'><strong>eontra</strong></span> <span class='ocrx_word' id='word_1_270' title='bbox 1188 2277 1233 2322; x_wconf 92' lang='lat' dir='ltr'><strong>ne</strong></span> <span class='ocrx_word' id='word_1_271' title='bbox 1248 2274 1309 2322; x_wconf 85' lang='lat' dir='ltr'><strong>rex</strong></span> <span class='ocrx_word' id='word_1_272' title='bbox 1325 2253 1459 2324; x_wconf 90' lang='lat' dir='ltr'><strong>iudicet</strong></span> <span class='ocrx_word' id='word_1_273' title='bbox 1474 2255 1518 2322; x_wconf 91' lang='lat' dir='ltr'><strong>de</strong></span> <span class='ocrx_word' id='word_1_274' title='bbox 1534 2267 1628 2340; x_wconf 90' lang='lat' dir='ltr'><strong>arte,</strong></span> <span class='ocrx_word' id='word_1_275' title='bbox 1654 2280 1760 2350; x_wconf 90' lang='lat' dir='ltr'><strong>quam</strong></span> <span class='ocrx_word' id='word_1_276' title='bbox 1778 2282 1853 2326; x_wconf 91' lang='lat' dir='ltr'><strong>non</strong></span> <span class='ocrx_word' id='word_1_277' title='bbox 1870 2259 2038 2350; x_wconf 86' lang='lat' dir='ltr'><strong>intelligit</strong></span> <span class='ocrx_word' id='word_1_278' title='bbox 2059 2275 2099 2332; x_wconf 93' lang='lat' dir='ltr'><strong>ut</strong></span> <span class='ocrx_word' id='word_1_279' title='bbox 2122 2287 2181 2334; x_wconf 91' lang='lat' dir='ltr'><strong>ar·</strong></span> 
     </span>
     <span class='ocr_line' id='line_1_35' title="bbox 147 2351 2179 2452; baseline 0.001 -22"><span class='ocrx_word' id='word_1_280' title='bbox 147 2361 315 2448; x_wconf 90' lang='lat' dir='ltr'><strong>iniurias,</strong></span> <span class='ocrx_word' id='word_1_281' title='bbox 340 2361 434 2430; x_wconf 89' lang='lat' dir='ltr'><strong>bella</strong></span> <span class='ocrx_word' id='word_1_282' title='bbox 456 2361 560 2430; x_wconf 90' lang='lat' dir='ltr'><strong>etiam</strong></span> <span class='ocrx_word' id='word_1_283' title='bbox 583 2359 696 2432; x_wconf 90' lang='lat' dir='ltr'><strong>indici</strong></span> <span class='ocrx_word' id='word_1_284' title='bbox 719 2375 753 2432; x_wconf 90' lang='lat' dir='ltr'><strong>et</strong></span> <span class='ocrx_word' id='word_1_285' title='bbox 778 2362 852 2452; x_wconf 89' lang='lat' dir='ltr'><strong>geri</strong></span> <span class='ocrx_word' id='word_1_286' title='bbox 869 2361 973 2432; x_wconf 88' lang='lat' dir='ltr'><strong>certis</strong></span> <span class='ocrx_word' id='word_1_287' title='bbox 988 2360 1136 2450; x_wconf 85' lang='lat' dir='ltr'><strong>legibus.</strong></span> <span class='ocrx_word' id='word_1_288' title='bbox 1189 2355 1285 2425; x_wconf 87' lang='lat' dir='ltr'><strong>tiser.</strong></span> <span class='ocrx_word' id='word_1_289' title='bbox 1336 2355 1541 2427; x_wconf 90' lang='lat' dir='ltr'><strong>Translatio</strong></span> <span class='ocrx_word' id='word_1_290' title='bbox 1557 2379 1739 2428; x_wconf 87' lang='lat' dir='ltr'><strong>causarum</strong></span> <span class='ocrx_word' id='word_1_291' title='bbox 1757 2373 1809 2430; x_wconf 91' lang='lat' dir='ltr'><strong>est</strong></span> <span class='ocrx_word' id='word_1_292' title='bbox 1823 2362 1866 2430; x_wconf 91' lang='lat' dir='ltr'><strong>de</strong></span> <span class='ocrx_word' id='word_1_293' title='bbox 1883 2351 2015 2432; x_wconf 77' lang='lat' dir='ltr'><strong>Clodii</strong></span> <span class='ocrx_word' id='word_1_294' title='bbox 2029 2363 2179 2434; x_wconf 89' lang='lat' dir='ltr'><strong>iudicio:</strong></span> 
     </span>
     <span class='ocr_line' id='line_1_36' title="bbox 145 2449 2181 2558; baseline -0 -22"><span class='ocrx_word' id='word_1_295' title='bbox 145 2462 273 2536; x_wconf 87' lang='lat' dir='ltr'><strong>Narrat</strong></span> <span class='ocrx_word' id='word_1_296' title='bbox 287 2462 407 2558; x_wconf 88' lang='lat' dir='ltr'><strong>qualia</strong></span> <span class='ocrx_word' id='word_1_297' title='bbox 422 2461 495 2534; x_wconf 88' lang='lat' dir='ltr'><strong>sint</strong></span> <span class='ocrx_word' id='word_1_298' title='bbox 512 2486 628 2551; x_wconf 88' lang='lat' dir='ltr'><strong>arma,</strong></span> <span class='ocrx_word' id='word_1_299' title='bbox 652 2457 783 2558; x_wconf 79' lang='lat' dir='ltr'><strong>quae⁸)</strong></span> <span class='ocrx_word' id='word_1_300' title='bbox 799 2465 890 2535; x_wconf 91' lang='lat' dir='ltr'><strong>ratio</strong></span> <span class='ocrx_word' id='word_1_301' title='bbox 906 2461 1137 2556; x_wconf 90' lang='lat' dir='ltr'><strong>oppugnandi</strong></span> <span class='ocrx_word' id='word_1_302' title='bbox 1189 2482 1277 2526; x_wconf 90' lang='lat' dir='ltr'><strong>num</strong></span> <span class='ocrx_word' id='word_1_303' title='bbox 1294 2449 1376 2528; x_wconf 81' lang='lat' dir='ltr'><strong>ideo</strong></span> <span class='ocrx_word' id='word_1_304' title='bbox 1389 2451 1618 2556; x_wconf 82' lang='lat' dir='ltr'><strong>praesidinm</strong></span> <span class='ocrx_word' id='word_1_305' title='bbox 1631 2457 1806 2557; x_wconf 81' lang='lat' dir='ltr'><strong>poscitis,</strong></span> <span class='ocrx_word' id='word_1_306' title='bbox 1824 2486 1867 2532; x_wconf 88' lang='lat' dir='ltr'><strong>ne</strong></span> <span class='ocrx_word' id='word_1_307' title='bbox 1884 2487 2053 2534; x_wconf 86' lang='lat' dir='ltr'><strong>nummos</strong></span> <span class='ocrx_word' id='word_1_308' title='bbox 2069 2464 2181 2536; x_wconf 82' lang='lat' dir='ltr'><strong>amit-</strong></span> 
     </span>
     <span class='ocr_line' id='line_1_37' title="bbox 146 2557 2180 2659; baseline 0.001 -23"><span class='ocrx_word' id='word_1_309' title='bbox 146 2563 264 2638; x_wconf 86' lang='lat' dir='ltr'><strong>urhes.</strong></span> <span class='ocrx_word' id='word_1_310' title='bbox 317 2563 480 2634; x_wconf 90' lang='lat' dir='ltr'><strong>Tandem</strong></span> <span class='ocrx_word' id='word_1_311' title='bbox 500 2566 605 2636; x_wconf 90' lang='lat' dir='ltr'><strong>etiam</strong></span> <span class='ocrx_word' id='word_1_312' title='bbox 626 2565 778 2658; x_wconf 80' lang='lat' dir='ltr'><strong>proferri</strong></span> <span class='ocrx_word' id='word_1_313' title='bbox 803 2567 902 2637; x_wconf 91' lang='lat' dir='ltr'><strong>iubet</strong></span> <span class='ocrx_word' id='word_1_314' title='bbox 927 2591 966 2635; x_wconf 84' lang='lat' dir='ltr'><strong>ex</strong></span> <span class='ocrx_word' id='word_1_315' title='bbox 990 2565 1138 2636; x_wconf 88' lang='lat' dir='ltr'><strong>sarcinis</strong></span> <span class='ocrx_word' id='word_1_316' title='bbox 1190 2557 1309 2630; x_wconf 82' lang='lat' dir='ltr'><strong>totis?</strong></span> <span class='ocrx_word' id='word_1_317' title='bbox 1371 2557 1630 2632; x_wconf 88' lang='lat' dir='ltr'><strong>Usitatissimae</strong></span> <span class='ocrx_word' id='word_1_318' title='bbox 1662 2577 1748 2634; x_wconf 86' lang='lat' dir='ltr'><strong>sunt</strong></span> <span class='ocrx_word' id='word_1_319' title='bbox 1778 2561 2080 2659; x_wconf 63' lang='lat' dir='ltr'><strong>aspernandae,</strong></span> <span class='ocrx_word' id='word_1_320' title='bbox 2122 2582 2180 2640; x_wconf 90' lang='lat' dir='ltr'><strong>ut:</strong></span> 
     </span>
     <span class='ocr_line' id='line_1_38' title="bbox 144 2653 2180 2759; baseline 0 -19"><span class='ocrx_word' id='word_1_321' title='bbox 144 2669 384 2752; x_wconf 88' lang='lat' dir='ltr'><strong>bombardas‚</strong></span> <span class='ocrx_word' id='word_1_322' title='bbox 408 2689 527 2751; x_wconf 90' lang='lat' dir='ltr'><strong>arcus,</strong></span> <span class='ocrx_word' id='word_1_323' title='bbox 547 2667 705 2756; x_wconf 81' lang='lat' dir='ltr'><strong>gladios,</strong></span> <span class='ocrx_word' id='word_1_324' title='bbox 727 2683 761 2740; x_wconf 94' lang='lat' dir='ltr'><strong>et</strong></span> <span class='ocrx_word' id='word_1_325' title='bbox 779 2669 930 2759; x_wconf 88' lang='lat' dir='ltr'><strong>singulis</strong></span> <span class='ocrx_word' id='word_1_326' title='bbox 946 2669 1008 2738; x_wconf 90' lang='lat' dir='ltr'><strong>dat</strong></span> <span class='ocrx_word' id='word_1_327' title='bbox 1022 2668 1137 2738; x_wconf 87' lang='lat' dir='ltr'><strong>xenia.</strong></span> <span class='ocrx_word' id='word_1_328' title='bbox 1189 2655 1320 2754; x_wconf 73' lang='lat' dir='ltr'><strong>evineat</strong></span> <span class='ocrx_word' id='word_1_329' title='bbox 1327 2711 1339 2748; x_wconf 91' lang='lat'><strong>,</strong></span> <span class='ocrx_word' id='word_1_330' title='bbox 1367 2653 1513 2756; x_wconf 69' lang='grc' dir='ltr'>λάμιαν</span> <span class='ocrx_word' id='word_1_331' title='bbox 1538 2659 1720 2736; x_wconf 82' lang='lat' dir='ltr'><strong>Bibert&#39;us</strong></span> <span class='ocrx_word' id='word_1_332' title='bbox 1744 2691 1808 2758; x_wconf 92' lang='lat' dir='ltr'><strong>pro</strong></span> <span class='ocrx_word' id='word_1_333' title='bbox 1830 2661 1869 2736; x_wconf 89' lang='grc' dir='ltr'><em>Τ</em></span> <span class='ocrx_word' id='word_1_334' title='bbox 1868 2665 1994 2744; x_wconf 83' lang='lat' dir='ltr'><strong>iberia.</strong></span> <span class='ocrx_word' id='word_1_335' title='bbox 2045 2667 2180 2742; x_wconf 92' lang='lat' dir='ltr'><strong>Demo-</strong></span> 
     </span>
     <span class='ocr_line' id='line_1_39' title="bbox 144 2759 2182 2858; baseline 0 -17"><span class='ocrx_word' id='word_1_336' title='bbox 144 2767 224 2856; x_wconf 94' lang='lat' dir='ltr'><strong>llli,</strong></span> <span class='ocrx_word' id='word_1_337' title='bbox 236 2767 401 2840; x_wconf 87' lang='lat' dir='ltr'><strong>delectati</strong></span> <span class='ocrx_word' id='word_1_338' title='bbox 415 2769 491 2838; x_wconf 89' lang='lat' dir='ltr'><strong>cius</strong></span> <span class='ocrx_word' id='word_1_339' title='bbox 506 2769 688 2856; x_wconf 87' lang='lat' dir='ltr'><strong>oratione,</strong></span> <span class='ocrx_word' id='word_1_340' title='bbox 707 2770 862 2840; x_wconf 90' lang='lat' dir='ltr'><strong>vicissim</strong></span> <span class='ocrx_word' id='word_1_341' title='bbox 877 2771 988 2840; x_wconf 88' lang='lat' dir='ltr'><strong>multa</strong></span> <span class='ocrx_word' id='word_1_342' title='bbox 1005 2771 1049 2838; x_wconf 92' lang='lat' dir='ltr'><strong>de</strong></span> <span class='ocrx_word' id='word_1_343' title='bbox 1065 2769 1138 2839; x_wconf 90' lang='lat' dir='ltr'><strong>suis</strong></span> <span class='ocrx_word' id='word_1_344' title='bbox 1190 2759 1352 2834; x_wconf 89' lang='lat' dir='ltr'><strong>stehenes</strong></span> <span class='ocrx_word' id='word_1_345' title='bbox 1366 2789 1447 2836; x_wconf 92' lang='lat' dir='ltr'><strong>cum</strong></span> <span class='ocrx_word' id='word_1_346' title='bbox 1465 2768 1508 2835; x_wconf 92' lang='lat' dir='ltr'><strong>de</strong></span> <span class='ocrx_word' id='word_1_347' title='bbox 1524 2765 1726 2838; x_wconf 88' lang='lat' dir='ltr'><strong>oratoribus</strong></span> <span class='ocrx_word' id='word_1_348' title='bbox 1748 2769 1921 2839; x_wconf 88' lang='lat' dir='ltr'><strong>dedendis</strong></span> <span class='ocrx_word' id='word_1_349' title='bbox 1943 2773 2094 2842; x_wconf 87' lang='lat' dir='ltr'><strong>relatum</strong></span> <span class='ocrx_word' id='word_1_350' title='bbox 2120 2787 2182 2858; x_wconf 90' lang='lat' dir='ltr'><strong>est,</strong></span> 
     </span>
     <span class='ocr_line' id='line_1_40' title="bbox 143 2865 2180 2965; baseline -0 -21"><span class='ocrx_word' id='word_1_351' title='bbox 143 2871 310 2965; x_wconf 88' lang='lat' dir='ltr'><strong>imperiis</strong></span> <span class='ocrx_word' id='word_1_352' title='bbox 341 2883 376 2942; x_wconf 90' lang='lat' dir='ltr'><strong>et</strong></span> <span class='ocrx_word' id='word_1_353' title='bbox 399 2871 576 2941; x_wconf 87' lang='lat' dir='ltr'><strong>bellorum</strong></span> <span class='ocrx_word' id='word_1_354' title='bbox 613 2873 868 2942; x_wconf 89' lang='lat' dir='ltr'><strong>consuetudine</strong></span> <span class='ocrx_word' id='word_1_355' title='bbox 903 2884 1072 2958; x_wconf 90' lang='lat' dir='ltr'><strong>narrant,</strong></span> <span class='ocrx_word' id='word_1_356' title='bbox 1105 2883 1140 2940; x_wconf 91' lang='lat' dir='ltr'><strong>et</strong></span> <span class='ocrx_word' id='word_1_357' title='bbox 1190 2865 1349 2956; x_wconf 75' lang='lat' dir='ltr'><strong>narravit</strong></span> <span class='ocrx_word' id='word_1_358' title='bbox 1362 2867 1626 2958; x_wconf 90' lang='lat' dir='ltr'><strong>apologum,in</strong></span> <span class='ocrx_word' id='word_1_359' title='bbox 1644 2892 1715 2962; x_wconf 91' lang='lat' dir='ltr'><strong>quo</strong></span> <span class='ocrx_word' id='word_1_360' title='bbox 1732 2869 1807 2961; x_wconf 92' lang='lat' dir='ltr'><strong>lupi</strong></span> <span class='ocrx_word' id='word_1_361' title='bbox 1824 2885 1950 2962; x_wconf 89' lang='lat' dir='ltr'><strong>petunt</strong></span> <span class='ocrx_word' id='word_1_362' title='bbox 1966 2874 2049 2942; x_wconf 91' lang='lat' dir='ltr'><strong>dedi</strong></span> <span class='ocrx_word' id='word_1_363' title='bbox 2066 2897 2180 2944; x_wconf 86' lang='lat' dir='ltr'><strong>canes.</strong></span> 
     </span>
     <span class='ocr_line' id='line_1_41' title="bbox 143 2963 2180 3068; baseline -0.001 -22"><span class='ocrx_word' id='word_1_364' title='bbox 143 2974 231 3046; x_wconf 91' lang='lat' dir='ltr'><strong>laeti</strong></span> <span class='ocrx_word' id='word_1_365' title='bbox 246 2972 349 3044; x_wconf 86' lang='lat' dir='ltr'><strong>xenia</strong></span> <span class='ocrx_word' id='word_1_366' title='bbox 365 2973 561 3064; x_wconf 88' lang='lat' dir='ltr'><strong>accipiunt,</strong></span> <span class='ocrx_word' id='word_1_367' title='bbox 587 2997 739 3068; x_wconf 91' lang='lat' dir='ltr'><strong>eumque</strong></span> <span class='ocrx_word' id='word_1_368' title='bbox 752 2989 832 3066; x_wconf 91' lang='lat' dir='ltr'><strong>post</strong></span> <span class='ocrx_word' id='word_1_369' title='bbox 848 2973 1053 3043; x_wconf 91' lang='lat' dir='ltr'><strong>convivium</strong></span> <span class='ocrx_word' id='word_1_370' title='bbox 1071 2971 1136 3042; x_wconf 93' lang='lat' dir='ltr'><strong>ali·</strong></span> <span class='ocrx_word' id='word_1_371' title='bbox 1189 2963 1238 3040; x_wconf 85' lang='lat' dir='ltr'><strong>Et</strong></span> <span class='ocrx_word' id='word_1_372' title='bbox 1259 2980 1343 3038; x_wconf 92' lang='lat' dir='ltr'><strong>nota</strong></span> <span class='ocrx_word' id='word_1_373' title='bbox 1364 2981 1417 3038; x_wconf 88' lang='lat' dir='ltr'><strong>est</strong></span> <span class='ocrx_word' id='word_1_374' title='bbox 1439 2963 1611 3038; x_wconf 82' lang='lat' dir='ltr'><strong>Menenii</strong></span> <span class='ocrx_word' id='word_1_375' title='bbox 1632 2971 1745 3040; x_wconf 87' lang='lat' dir='ltr'><strong>oratio</strong></span> <span class='ocrx_word' id='word_1_376' title='bbox 1768 2973 1811 3041; x_wconf 91' lang='lat' dir='ltr'><strong>de</strong></span> <span class='ocrx_word' id='word_1_377' title='bbox 1836 2974 2006 3044; x_wconf 89' lang='lat' dir='ltr'><strong>membris</strong></span> <span class='ocrx_word' id='word_1_378' title='bbox 2032 2969 2180 3044; x_wconf 88' lang='lat' dir='ltr'><strong>humani</strong></span> 
     </span>
     <span class='ocr_line' id='line_1_42' title="bbox 142 3067 2181 3172; baseline 0 -24"><span class='ocrx_word' id='word_1_379' title='bbox 142 3103 219 3172; x_wconf 93' lang='lat' dir='ltr'><strong>qno</strong></span> <span class='ocrx_word' id='word_1_380' title='bbox 243 3099 357 3170; x_wconf 91' lang='lat' dir='ltr'><strong>usque</strong></span> <span class='ocrx_word' id='word_1_381' title='bbox 378 3089 538 3147; x_wconf 85' lang='lat' dir='ltr'><strong>amanter</strong></span> <span class='ocrx_word' id='word_1_382' title='bbox 561 3077 788 3148; x_wconf 88' lang='lat' dir='ltr'><strong>comitantur.</strong></span> <span class='ocrx_word' id='word_1_383' title='bbox 839 3070 944 3169; x_wconf 63' lang='lat' dir='ltr'><strong>sid)</strong></span> <span class='ocrx_word' id='word_1_384' title='bbox 966 3073 1140 3148; x_wconf 86' lang='lat' dir='ltr'><strong>Sanseve-</strong></span> <span class='ocrx_word' id='word_1_385' title='bbox 1190 3069 1360 3160; x_wconf 89' lang='lat' dir='ltr'><strong>corporis.</strong></span> <span class='ocrx_word' id='word_1_386' title='bbox 1412 3067 1505 3142; x_wconf 91' lang='lat' dir='ltr'><strong>Sunt</strong></span> <span class='ocrx_word' id='word_1_387' title='bbox 1521 3085 1555 3141; x_wconf 89' lang='lat' dir='ltr'><strong>et</strong></span> <span class='ocrx_word' id='word_1_388' title='bbox 1570 3071 1777 3162; x_wconf 88' lang='lat' dir='ltr'><strong>allegoricae</strong></span> <span class='ocrx_word' id='word_1_389' title='bbox 1799 3075 2022 3146; x_wconf 87' lang='lat' dir='ltr'><strong>narrationes</strong></span> <span class='ocrx_word' id='word_1_390' title='bbox 2047 3079 2090 3147; x_wconf 89' lang='lat' dir='ltr'><strong>ad</strong></span> <span class='ocrx_word' id='word_1_391' title='bbox 2108 3077 2181 3150; x_wconf 89' lang='lat' dir='ltr'><strong>Da·</strong></span> 
     </span>
     <span class='ocr_line' id='line_1_43' title="bbox 143 3169 2182 3270; baseline -0.001 -18"><span class='ocrx_word' id='word_1_392' title='bbox 143 3181 299 3252; x_wconf 89' lang='lat' dir='ltr'><strong>rinatem</strong></span> <span class='ocrx_word' id='word_1_393' title='bbox 333 3177 480 3250; x_wconf 88' lang='lat' dir='ltr'><strong>comitas</strong></span> <span class='ocrx_word' id='word_1_394' title='bbox 511 3179 598 3250; x_wconf 84' lang='lat' dir='ltr'><strong>texit</strong></span> <span class='ocrx_word' id='word_1_395' title='bbox 623 3179 661 3248; x_wconf 91' lang='lat' dir='ltr'><strong>in</strong></span> <span class='ocrx_word' id='word_1_396' title='bbox 686 3202 816 3270; x_wconf 89' lang='lat' dir='ltr'><strong>magno</strong></span> <span class='ocrx_word' id='word_1_397' title='bbox 845 3177 1016 3270; x_wconf 90' lang='lat' dir='ltr'><strong>periculo.</strong></span> <span class='ocrx_word' id='word_1_398' title='bbox 1068 3177 1137 3249; x_wconf 90' lang='lat' dir='ltr'><strong>Sed</strong></span> <span class='ocrx_word' id='word_1_399' title='bbox 1190 3173 1309 3242; x_wconf 91' lang='lat' dir='ltr'><strong>videm</strong></span> <span class='ocrx_word' id='word_1_400' title='bbox 1333 3170 1442 3242; x_wconf 90' lang='lat' dir='ltr'><strong>altera</strong></span> <span class='ocrx_word' id='word_1_401' title='bbox 1473 3169 1666 3266; x_wconf 90' lang='lat' dir='ltr'><strong>prophetae</strong></span> <span class='ocrx_word' id='word_1_402' title='bbox 1684 3171 1848 3261; x_wconf 87' lang='lat' dir='ltr'><strong>Nathan,</strong></span> <span class='ocrx_word' id='word_1_403' title='bbox 1880 3177 1988 3248; x_wconf 88' lang='lat' dir='ltr'><strong>altera</strong></span> <span class='ocrx_word' id='word_1_404' title='bbox 2021 3180 2182 3250; x_wconf 90' lang='lat' dir='ltr'><strong>mulieris</strong></span> 
     </span>
    </p>
   </div>
   <div class='ocr_carea' id='block_1_7' title="bbox 143 3269 2304 3376">
    <p class='ocr_par' dir='ltr' id='par_1_7' title="bbox 143 3269 2304 3376">
     <span class='ocr_line' id='line_1_44' title="bbox 143 3269 2304 3376; baseline -0.001 -22"><span class='ocrx_word' id='word_1_405' title='bbox 143 3283 233 3354; x_wconf 87' lang='lat' dir='ltr'><strong>audi</strong></span> <span class='ocrx_word' id='word_1_406' title='bbox 251 3281 426 3376; x_wconf 87' lang='lat' dir='ltr'><strong>reliquam</strong></span> <span class='ocrx_word' id='word_1_407' title='bbox 449 3275 654 3363; x_wconf 90' lang='lat' dir='ltr'><strong>historiam,</strong></span> <span class='ocrx_word' id='word_1_408' title='bbox 689 3296 731 3354; x_wconf 89' lang='lat' dir='ltr'><strong>ut</strong></span> <span class='ocrx_word' id='word_1_409' title='bbox 761 3281 901 3367; x_wconf 92' lang='lat' dir='ltr'><strong>videas,</strong></span> <span class='ocrx_word' id='word_1_410' title='bbox 935 3293 1066 3376; x_wconf 89' lang='lat' dir='ltr'><strong>quanta</strong></span> <span class='ocrx_word' id='word_1_411' title='bbox 1094 3280 1140 3350; x_wconf 91' lang='lat' dir='ltr'><strong>sit</strong></span> <span class='ocrx_word' id='word_1_412' title='bbox 1190 3269 1438 3346; x_wconf 83' lang='lat' dir='ltr'><strong>deAbsalone.</strong></span> <span class='ocrx_word' id='word_1_413' title='bbox 1477 3275 1698 3364; x_wconf 83' lang='lat' dir='ltr'><strong>Alexander,</strong></span> <span class='ocrx_word' id='word_1_414' title='bbox 1717 3303 1797 3348; x_wconf 91' lang='lat' dir='ltr'><strong>cum</strong></span> <span class='ocrx_word' id='word_1_415' title='bbox 1815 3279 1847 3348; x_wconf 92' lang='lat' dir='ltr'><strong>ei</strong></span> <span class='ocrx_word' id='word_1_416' title='bbox 1863 3279 2182 3374; x_wconf 88' lang='lat' dir='ltr'><strong>diceretur,quos-</strong></span> <span class='ocrx_word' id='word_1_417' title='bbox 2299 3293 2304 3308; x_wconf 82' lang='lat'><strong>&#39;</strong></span> 
     </span>
    </p>
   </div>
   <div class='ocr_carea' id='block_1_8' title="bbox 144 3377 2246 4606">
    <p class='ocr_par' dir='ltr' id='par_1_8' title="bbox 144 3377 2246 4606">
     <span class='ocr_line' id='line_1_45' title="bbox 144 3377 2183 3477; baseline -0.002 -21"><span class='ocrx_word' id='word_1_418' title='bbox 144 3383 337 3456; x_wconf 89' lang='lat' dir='ltr'><strong>admiratio</strong></span> <span class='ocrx_word' id='word_1_419' title='bbox 359 3383 501 3454; x_wconf 90' lang='lat' dir='ltr'><strong>virtutis</strong></span> <span class='ocrx_word' id='word_1_420' title='bbox 526 3385 630 3454; x_wconf 92' lang='lat' dir='ltr'><strong>etiam</strong></span> <span class='ocrx_word' id='word_1_421' title='bbox 662 3383 699 3453; x_wconf 94' lang='lat' dir='ltr'><strong>in</strong></span> <span class='ocrx_word' id='word_1_422' title='bbox 729 3378 936 3454; x_wconf 87' lang='lat' dir='ltr'><strong>bominibus</strong></span> <span class='ocrx_word' id='word_1_423' title='bbox 969 3382 1141 3454; x_wconf 87' lang='lat' dir='ltr'><strong>barbaris.</strong></span> <span class='ocrx_word' id='word_1_424' title='bbox 1193 3381 1274 3447; x_wconf 90' lang='lat' dir='ltr'><strong>dam</strong></span> <span class='ocrx_word' id='word_1_425' title='bbox 1291 3377 1383 3447; x_wconf 88' lang='lat' dir='ltr'><strong>male</strong></span> <span class='ocrx_word' id='word_1_426' title='bbox 1399 3379 1443 3448; x_wconf 90' lang='lat' dir='ltr'><strong>de</strong></span> <span class='ocrx_word' id='word_1_427' title='bbox 1460 3403 1501 3449; x_wconf 93' lang='lat' dir='ltr'><strong>eo</strong></span> <span class='ocrx_word' id='word_1_428' title='bbox 1518 3379 1637 3474; x_wconf 88' lang='lat' dir='ltr'><strong>loqui,</strong></span> <span class='ocrx_word' id='word_1_429' title='bbox 1663 3380 1778 3451; x_wconf 90' lang='lat' dir='ltr'><strong>reiicit</strong></span> <span class='ocrx_word' id='word_1_430' title='bbox 1799 3383 2055 3455; x_wconf 91' lang='lat' dir='ltr'><strong>accusationem</strong></span> <span class='ocrx_word' id='word_1_431' title='bbox 2071 3409 2183 3477; x_wconf 90' lang='lat' dir='ltr'><strong>oppo-</strong></span> 
     </span>
     <span class='ocr_line' id='line_1_46' title="bbox 147 3480 2184 3578; baseline -0.001 -20"><span class='ocrx_word' id='word_1_432' title='bbox 147 3487 292 3558; x_wconf 89' lang='lat' dir='ltr'><strong>Triduo</strong></span> <span class='ocrx_word' id='word_1_433' title='bbox 312 3498 394 3578; x_wconf 88' lang='lat' dir='ltr'><strong>post</strong></span> <span class='ocrx_word' id='word_1_434' title='bbox 415 3486 455 3556; x_wconf 90' lang='lat' dir='ltr'><strong>in</strong></span> <span class='ocrx_word' id='word_1_435' title='bbox 475 3487 669 3556; x_wconf 87' lang='lat' dir='ltr'><strong>solitudine</strong></span> <span class='ocrx_word' id='word_1_436' title='bbox 690 3487 841 3558; x_wconf 89' lang='lat' dir='ltr'><strong>redeunt</strong></span> <span class='ocrx_word' id='word_1_437' title='bbox 872 3486 980 3556; x_wconf 89' lang='lat' dir='ltr'><strong>iidem</strong></span> <span class='ocrx_word' id='word_1_438' title='bbox 1003 3480 1140 3556; x_wconf 86' lang='lat' dir='ltr'><strong>Arabes</strong></span> <span class='ocrx_word' id='word_1_439' title='bbox 1192 3481 1257 3552; x_wconf 87' lang='lat' dir='ltr'><strong>sita</strong></span> <span class='ocrx_word' id='word_1_440' title='bbox 1282 3501 1410 3570; x_wconf 85' lang='lat' dir='ltr'><strong>gnome</strong></span> <span class='ocrx_word' id='word_1_441' title='bbox 1431 3481 1583 3552; x_wconf 87' lang='lat' dir='ltr'><strong>maxime</strong></span> <span class='ocrx_word' id='word_1_442' title='bbox 1605 3483 1840 3554; x_wconf 88' lang='lat' dir='ltr'><strong>conveniente</strong></span> <span class='ocrx_word' id='word_1_443' title='bbox 1861 3485 2099 3576; x_wconf 91' lang='lat' dir='ltr'><strong>principibus:</strong></span> <span class='ocrx_word' id='word_1_444' title='bbox 2129 3508 2184 3556; x_wconf 85' lang='lat' dir='ltr'><strong>re-</strong></span> 
     </span>
     <span class='ocr_line' id='line_1_47' title="bbox 146 3579 2184 3684; baseline -0.002 -22"><span class='ocrx_word' id='word_1_445' title='bbox 146 3614 230 3662; x_wconf 90' lang='lat' dir='ltr'><strong>cum</strong></span> <span class='ocrx_word' id='word_1_446' title='bbox 253 3589 388 3660; x_wconf 91' lang='lat' dir='ltr'><strong>maiore</strong></span> <span class='ocrx_word' id='word_1_447' title='bbox 412 3588 599 3674; x_wconf 90' lang='lat' dir='ltr'><strong>comitatu,</strong></span> <span class='ocrx_word' id='word_1_448' title='bbox 624 3602 659 3658; x_wconf 87' lang='lat' dir='ltr'><strong>et</strong></span> <span class='ocrx_word' id='word_1_449' title='bbox 672 3591 708 3659; x_wconf 93' lang='lat' dir='ltr'><strong>vi</strong></span> <span class='ocrx_word' id='word_1_450' title='bbox 723 3590 869 3680; x_wconf 90' lang='lat' dir='ltr'><strong>capiunt</strong></span> <span class='ocrx_word' id='word_1_451' title='bbox 888 3589 1141 3660; x_wconf 87' lang='lat' dir='ltr'><strong>Sanseverina-</strong></span> <span class='ocrx_word' id='word_1_452' title='bbox 1190 3581 1294 3678; x_wconf 81' lang='lat' dir='ltr'><strong>giam</strong></span> <span class='ocrx_word' id='word_1_453' title='bbox 1311 3591 1362 3652; x_wconf 84' lang='lat' dir='ltr'><strong>est</strong></span> <span class='ocrx_word' id='word_1_454' title='bbox 1378 3579 1656 3684; x_wconf 82' lang='lat' dir='ltr'><strong>benefacientem</strong></span> <span class='ocrx_word' id='word_1_455' title='bbox 1674 3581 1773 3656; x_wconf 85' lang='lat' dir='ltr'><strong>male</strong></span> <span class='ocrx_word' id='word_1_456' title='bbox 1790 3579 1933 3662; x_wconf 75' lang='lat' dir='ltr'><strong>audire.</strong></span> <span class='ocrx_word' id='word_1_457' title='bbox 1969 3583 2080 3680; x_wconf 86' lang='lat' dir='ltr'><strong>Regia</strong></span> <span class='ocrx_word' id='word_1_458' title='bbox 2096 3611 2184 3679; x_wconf 86' lang='lat' dir='ltr'><strong>gno-</strong></span> 
     </span>
     <span class='ocr_line' id='line_1_48' title="bbox 144 3679 2183 3782; baseline -0.003 -18"><span class='ocrx_word' id='word_1_459' title='bbox 144 3709 220 3764; x_wconf 90' lang='lat' dir='ltr'><strong>tem</strong></span> <span class='ocrx_word' id='word_1_460' title='bbox 243 3715 324 3762; x_wconf 93' lang='lat' dir='ltr'><strong>cum</strong></span> <span class='ocrx_word' id='word_1_461' title='bbox 345 3703 421 3760; x_wconf 87' lang='lat' dir='ltr'><strong>toto</strong></span> <span class='ocrx_word' id='word_1_462' title='bbox 442 3715 506 3761; x_wconf 91' lang='lat' dir='ltr'><strong>suo</strong></span> <span class='ocrx_word' id='word_1_463' title='bbox 532 3691 683 3781; x_wconf 85' lang='lat' dir='ltr'><strong>agmine.</strong></span> <span class='ocrx_word' id='word_1_464' title='bbox 733 3689 803 3762; x_wconf 90' lang='lat' dir='ltr'><strong>Hic</strong></span> <span class='ocrx_word' id='word_1_465' title='bbox 825 3717 906 3762; x_wconf 91' lang='lat' dir='ltr'><strong>cum</strong></span> <span class='ocrx_word' id='word_1_466' title='bbox 924 3691 1017 3762; x_wconf 87' lang='lat' dir='ltr'><strong>vitae</strong></span> <span class='ocrx_word' id='word_1_467' title='bbox 1043 3715 1141 3782; x_wconf 90' lang='lat' dir='ltr'><strong>spem</strong></span> <span class='ocrx_word' id='word_1_468' title='bbox 1194 3711 1251 3755; x_wconf 93' lang='lat' dir='ltr'><strong>me</strong></span> <span class='ocrx_word' id='word_1_469' title='bbox 1276 3697 1310 3754; x_wconf 88' lang='lat' dir='ltr'><strong>et</strong></span> <span class='ocrx_word' id='word_1_470' title='bbox 1334 3679 1421 3754; x_wconf 88' lang='lat' dir='ltr'><strong>haec</strong></span> <span class='ocrx_word' id='word_1_471' title='bbox 1441 3688 1528 3772; x_wconf 87' lang='lat' dir='ltr'><strong>suit,</strong></span> <span class='ocrx_word' id='word_1_472' title='bbox 1554 3711 1634 3756; x_wconf 91' lang='lat' dir='ltr'><strong>cum</strong></span> <span class='ocrx_word' id='word_1_473' title='bbox 1662 3687 1732 3774; x_wconf 91' lang='lat' dir='ltr'><strong>ait,</strong></span> <span class='ocrx_word' id='word_1_474' title='bbox 1758 3711 1794 3756; x_wconf 92' lang='grc' dir='ltr'><strong>εε</strong></span> <span class='ocrx_word' id='word_1_475' title='bbox 1811 3690 1957 3760; x_wconf 89' lang='lat' dir='ltr'><strong>alteram</strong></span> <span class='ocrx_word' id='word_1_476' title='bbox 1977 3713 2099 3760; x_wconf 87' lang='lat' dir='ltr'><strong>aurem</strong></span> <span class='ocrx_word' id='word_1_477' title='bbox 2123 3715 2183 3760; x_wconf 91' lang='lat' dir='ltr'><strong>reo</strong></span> 
     </span>
     <span class='ocr_line' id='line_1_49' title="bbox 145 3787 2184 3888; baseline -0.002 -21"><span class='ocrx_word' id='word_1_478' title='bbox 145 3817 293 3867; x_wconf 89' lang='lat' dir='ltr'><strong>omnem</strong></span> <span class='ocrx_word' id='word_1_479' title='bbox 308 3793 537 3878; x_wconf 89' lang='lat' dir='ltr'><strong>abiecissent,</strong></span> <span class='ocrx_word' id='word_1_480' title='bbox 563 3795 745 3864; x_wconf 89' lang='lat' dir='ltr'><strong>ducuntur</strong></span> <span class='ocrx_word' id='word_1_481' title='bbox 768 3795 806 3864; x_wconf 92' lang='lat' dir='ltr'><strong>in</strong></span> <span class='ocrx_word' id='word_1_482' title='bbox 822 3819 938 3864; x_wconf 91' lang='lat' dir='ltr'><strong>arcem</strong></span> <span class='ocrx_word' id='word_1_483' title='bbox 952 3795 1142 3888; x_wconf 88' lang='lat' dir='ltr'><strong>quandam,</strong></span> <span class='ocrx_word' id='word_1_484' title='bbox 1193 3801 1415 3858; x_wconf 86' lang='lat' dir='ltr'><strong>servaturum</strong></span> <span class='ocrx_word' id='word_1_485' title='bbox 1438 3811 1524 3858; x_wconf 88' lang='lat' dir='ltr'><strong>esse.</strong></span> <span class='ocrx_word' id='word_1_486' title='bbox 1579 3787 1642 3857; x_wconf 85' lang='lat' dir='ltr'><strong>Vis</strong></span> <span class='ocrx_word' id='word_1_487' title='bbox 1665 3789 1799 3879; x_wconf 88' lang='lat' dir='ltr'><strong>ingenii</strong></span> <span class='ocrx_word' id='word_1_488' title='bbox 1819 3805 1870 3860; x_wconf 90' lang='lat' dir='ltr'><strong>est</strong></span> <span class='ocrx_word' id='word_1_489' title='bbox 1891 3793 2080 3878; x_wconf 86' lang='lat' dir='ltr'><strong>excellens,</strong></span> <span class='ocrx_word' id='word_1_490' title='bbox 2100 3795 2184 3864; x_wconf 86' lang='lat' dir='ltr'><strong>talia</strong></span> 
     </span>
     <span class='ocr_line' id='line_1_50' title="bbox 146 3887 2183 3988; baseline -0.002 -19"><span class='ocrx_word' id='word_1_491' title='bbox 146 3897 212 3970; x_wconf 90' lang='lat' dir='ltr'><strong>nbi</strong></span> <span class='ocrx_word' id='word_1_492' title='bbox 237 3891 433 3966; x_wconf 88' lang='lat' dir='ltr'><strong>honorifice</strong></span> <span class='ocrx_word' id='word_1_493' title='bbox 458 3896 700 3988; x_wconf 88' lang='lat' dir='ltr'><strong>excipiuntur,</strong></span> <span class='ocrx_word' id='word_1_494' title='bbox 729 3909 763 3966; x_wconf 92' lang='lat' dir='ltr'><strong>et</strong></span> <span class='ocrx_word' id='word_1_495' title='bbox 797 3897 926 3968; x_wconf 90' lang='lat' dir='ltr'><strong>retenti</strong></span> <span class='ocrx_word' id='word_1_496' title='bbox 959 3897 1079 3966; x_wconf 90' lang='lat' dir='ltr'><strong>triduo</strong></span> <span class='ocrx_word' id='word_1_497' title='bbox 1103 3917 1144 3964; x_wconf 88' lang='lat' dir='ltr'><strong>ac</strong></span> <span class='ocrx_word' id='word_1_498' title='bbox 1193 3891 1286 3960; x_wconf 90' lang='lat' dir='ltr'><strong>dicta</strong></span> <span class='ocrx_word' id='word_1_499' title='bbox 1305 3887 1360 3957; x_wconf 91' lang='lat' dir='ltr'><strong>vel</strong></span> <span class='ocrx_word' id='word_1_500' title='bbox 1379 3889 1416 3957; x_wconf 93' lang='lat' dir='ltr'><strong>in</strong></span> <span class='ocrx_word' id='word_1_501' title='bbox 1433 3887 1591 3959; x_wconf 92' lang='lat' dir='ltr'><strong>consiliis</strong></span> <span class='ocrx_word' id='word_1_502' title='bbox 1607 3889 1664 3958; x_wconf 88' lang='lat' dir='ltr'><strong>vel</strong></span> <span class='ocrx_word' id='word_1_503' title='bbox 1681 3889 1718 3958; x_wconf 92' lang='lat' dir='ltr'><strong>in</strong></span> <span class='ocrx_word' id='word_1_504' title='bbox 1734 3893 2026 3983; x_wconf 90' lang='lat' dir='ltr'><strong>responsionibus</strong></span> <span class='ocrx_word' id='word_1_505' title='bbox 2041 3895 2183 3984; x_wconf 84' lang='lat' dir='ltr'><strong>gignere</strong></span> 
     </span>
     <span class='ocr_line' id='line_1_51' title="bbox 152 3985 2183 4091; baseline -0.003 -21"><span class='ocrx_word' id='word_1_506' title='bbox 152 3999 278 4070; x_wconf 89' lang='lat' dir='ltr'><strong>donati</strong></span> <span class='ocrx_word' id='word_1_507' title='bbox 302 3998 426 4068; x_wconf 89' lang='lat' dir='ltr'><strong>massis</strong></span> <span class='ocrx_word' id='word_1_508' title='bbox 448 3998 525 4067; x_wconf 91' lang='lat' dir='ltr'><strong>auri</strong></span> <span class='ocrx_word' id='word_1_509' title='bbox 546 3997 677 4082; x_wconf 88' lang='lat' dir='ltr'><strong>nativi,</strong></span> <span class='ocrx_word' id='word_1_510' title='bbox 704 3993 810 4066; x_wconf 88' lang='lat' dir='ltr'><strong>thure</strong></span> <span class='ocrx_word' id='word_1_511' title='bbox 832 4011 868 4068; x_wconf 91' lang='grc' dir='ltr'><strong>ει</strong></span> <span class='ocrx_word' id='word_1_512' title='bbox 892 3992 1057 4091; x_wconf 87' lang='lat' dir='ltr'><strong>myrrha,</strong></span> <span class='ocrx_word' id='word_1_513' title='bbox 1084 4021 1142 4065; x_wconf 90' lang='lat' dir='ltr'><strong>re·</strong></span> <span class='ocrx_word' id='word_1_514' title='bbox 1195 4007 1229 4062; x_wconf 90' lang='lat' dir='ltr'><strong>ct</strong></span> <span class='ocrx_word' id='word_1_515' title='bbox 1257 3991 1432 4080; x_wconf 87' lang='lat' dir='ltr'><strong>ingeniosi</strong></span> <span class='ocrx_word' id='word_1_516' title='bbox 1460 3991 1588 4075; x_wconf 88' lang='lat' dir='ltr'><strong>literis,</strong></span> <span class='ocrx_word' id='word_1_517' title='bbox 1619 3985 1798 4076; x_wconf 90' lang='lat' dir='ltr'><strong>historiis,</strong></span> <span class='ocrx_word' id='word_1_518' title='bbox 1826 3995 1995 4088; x_wconf 83' lang='lat' dir='ltr'><strong>exemplis</strong></span> <span class='ocrx_word' id='word_1_519' title='bbox 2024 3997 2183 4065; x_wconf 87' lang='lat' dir='ltr'><strong>adiuvari</strong></span> 
     </span>
     <span class='ocr_line' id='line_1_52' title="bbox 156 4087 2182 4190; baseline -0.001 -22"><span class='ocrx_word' id='word_1_520' title='bbox 156 4103 335 4172; x_wconf 87' lang='lat' dir='ltr'><strong>docuntur</strong></span> <span class='ocrx_word' id='word_1_521' title='bbox 351 4101 390 4168; x_wconf 92' lang='lat' dir='ltr'><strong>in</strong></span> <span class='ocrx_word' id='word_1_522' title='bbox 407 4100 513 4169; x_wconf 89' lang='lat' dir='ltr'><strong>viam.</strong></span> <span class='ocrx_word' id='word_1_523' title='bbox 570 4098 744 4190; x_wconf 84' lang='lat' dir='ltr'><strong>Magnum</strong></span> <span class='ocrx_word' id='word_1_524' title='bbox 763 4099 872 4189; x_wconf 84' lang='lat' dir='ltr'><strong>igitur</strong></span> <span class='ocrx_word' id='word_1_525' title='bbox 888 4101 994 4168; x_wconf 88' lang='lat' dir='ltr'><strong>decos</strong></span> <span class='ocrx_word' id='word_1_526' title='bbox 1017 4111 1069 4168; x_wconf 89' lang='lat' dir='ltr'><strong>est</strong></span> <span class='ocrx_word' id='word_1_527' title='bbox 1084 4121 1144 4166; x_wconf 92' lang='lat' dir='ltr'><strong>co·</strong></span> <span class='ocrx_word' id='word_1_528' title='bbox 1195 4106 1353 4184; x_wconf 88' lang='lat' dir='ltr'><strong>possunt.</strong></span> <span class='ocrx_word' id='word_1_529' title='bbox 1404 4087 1453 4160; x_wconf 83' lang='lat' dir='ltr'><strong>Et</strong></span> <span class='ocrx_word' id='word_1_530' title='bbox 1469 4115 1572 4186; x_wconf 86' lang='lat' dir='ltr'><strong>saepe</strong></span> <span class='ocrx_word' id='word_1_531' title='bbox 1585 4111 1736 4184; x_wconf 91' lang='lat' dir='ltr'><strong>prosunt</strong></span> <span class='ocrx_word' id='word_1_532' title='bbox 1757 4097 1799 4166; x_wconf 90' lang='lat' dir='ltr'><strong>ad</strong></span> <span class='ocrx_word' id='word_1_533' title='bbox 1824 4097 2010 4166; x_wconf 89' lang='lat' dir='ltr'><strong>leniendos</strong></span> <span class='ocrx_word' id='word_1_534' title='bbox 2032 4099 2182 4167; x_wconf 89' lang='lat' dir='ltr'><strong>aliorum</strong></span> 
     </span>
     <span class='ocr_line' id='line_1_53' title="bbox 155 4193 2183 4294; baseline -0.002 -22"><span class='ocrx_word' id='word_1_535' title='bbox 155 4202 274 4288; x_wconf 87' lang='lat' dir='ltr'><strong>mitas,</strong></span> <span class='ocrx_word' id='word_1_536' title='bbox 326 4203 386 4272; x_wconf 92' lang='lat' dir='ltr'><strong>sed</strong></span> <span class='ocrx_word' id='word_1_537' title='bbox 421 4225 534 4294; x_wconf 90' lang='lat' dir='ltr'><strong>neque</strong></span> <span class='ocrx_word' id='word_1_538' title='bbox 569 4196 757 4272; x_wconf 91' lang='lat' dir='ltr'><strong>hominum</strong></span> <span class='ocrx_word' id='word_1_539' title='bbox 799 4201 980 4286; x_wconf 90' lang='lat' dir='ltr'><strong>omnium,</strong></span> <span class='ocrx_word' id='word_1_540' title='bbox 1028 4221 1144 4293; x_wconf 90' lang='lat' dir='ltr'><strong>neque</strong></span> <span class='ocrx_word' id='word_1_541' title='bbox 1195 4193 1355 4277; x_wconf 89' lang='lat' dir='ltr'><strong>dolores,</strong></span> <span class='ocrx_word' id='word_1_542' title='bbox 1381 4197 1506 4264; x_wconf 91' lang='lat' dir='ltr'><strong>autad</strong></span> <span class='ocrx_word' id='word_1_543' title='bbox 1532 4195 1723 4288; x_wconf 86' lang='lat' dir='ltr'><strong>placendos</strong></span> <span class='ocrx_word' id='word_1_544' title='bbox 1749 4200 1786 4267; x_wconf 90' lang='lat' dir='ltr'><strong>in</strong></span> <span class='ocrx_word' id='word_1_545' title='bbox 1809 4199 1872 4268; x_wconf 90' lang='lat' dir='ltr'><strong>ira.</strong></span> <span class='ocrx_word' id='word_1_546' title='bbox 1923 4197 2014 4269; x_wconf 88' lang='lat' dir='ltr'><strong>Cum</strong></span> <span class='ocrx_word' id='word_1_547' title='bbox 2029 4199 2183 4268; x_wconf 80' lang='lat' dir='ltr'><strong>Alexan-</strong></span> 
     </span>
     <span class='ocr_line' id='line_1_54' title="bbox 149 4293 2185 4396; baseline -0.004 -20"><span class='ocrx_word' id='word_1_548' title='bbox 149 4306 314 4376; x_wconf 91' lang='lat' dir='ltr'><strong>omnium</strong></span> <span class='ocrx_word' id='word_1_549' title='bbox 330 4317 532 4396; x_wconf 89' lang='lat' dir='ltr'><strong>temporum</strong></span> <span class='ocrx_word' id='word_1_550' title='bbox 550 4317 611 4372; x_wconf 89' lang='lat' dir='ltr'><strong>est.</strong></span> <span class='ocrx_word' id='word_1_551' title='bbox 663 4299 712 4372; x_wconf 85' lang='lat' dir='ltr'><strong>Et</strong></span> <span class='ocrx_word' id='word_1_552' title='bbox 737 4327 939 4396; x_wconf 89' lang='lat' dir='ltr'><strong>quanquam</strong></span> <span class='ocrx_word' id='word_1_553' title='bbox 963 4301 1002 4370; x_wconf 91' lang='lat' dir='ltr'><strong>in</strong></span> <span class='ocrx_word' id='word_1_554' title='bbox 1020 4303 1143 4372; x_wconf 91' lang='lat' dir='ltr'><strong>docto·</strong></span> <span class='ocrx_word' id='word_1_555' title='bbox 1196 4299 1260 4364; x_wconf 91' lang='lat' dir='ltr'><strong>der</strong></span> <span class='ocrx_word' id='word_1_556' title='bbox 1283 4293 1516 4386; x_wconf 87' lang='lat' dir='ltr'><strong>Lampsacum</strong></span> <span class='ocrx_word' id='word_1_557' title='bbox 1540 4297 1720 4370; x_wconf 89' lang='lat' dir='ltr'><strong>deleturus</strong></span> <span class='ocrx_word' id='word_1_558' title='bbox 1744 4302 1882 4371; x_wconf 86' lang='lat' dir='ltr'><strong>videret</strong></span> <span class='ocrx_word' id='word_1_559' title='bbox 1903 4302 1945 4368; x_wconf 89' lang='lat' dir='ltr'><strong>ad</strong></span> <span class='ocrx_word' id='word_1_560' title='bbox 1969 4323 2004 4368; x_wconf 90' lang='lat' dir='ltr'><strong>se</strong></span> <span class='ocrx_word' id='word_1_561' title='bbox 2022 4301 2185 4370; x_wconf 86' lang='lat' dir='ltr'><strong>accedere</strong></span> 
     </span>
     <span class='ocr_line' id='line_1_55' title="bbox 146 4393 2246 4498; baseline -0.005 -18"><span class='ocrx_word' id='word_1_562' title='bbox 146 4409 252 4480; x_wconf 90' lang='lat' dir='ltr'><strong>ribus</strong></span> <span class='ocrx_word' id='word_1_563' title='bbox 268 4420 303 4476; x_wconf 92' lang='lat' dir='ltr'><strong>et</strong></span> <span class='ocrx_word' id='word_1_564' title='bbox 317 4405 616 4496; x_wconf 89' lang='lat' dir='ltr'><strong>gubernatoribus</strong></span> <span class='ocrx_word' id='word_1_565' title='bbox 633 4408 787 4498; x_wconf 87' lang='lat' dir='ltr'><strong>optanda</strong></span> <span class='ocrx_word' id='word_1_566' title='bbox 803 4419 873 4490; x_wconf 89' lang='lat' dir='ltr'><strong>est,</strong></span> <span class='ocrx_word' id='word_1_567' title='bbox 898 4417 1015 4474; x_wconf 88' lang='lat' dir='ltr'><strong>tamen</strong></span> <span class='ocrx_word' id='word_1_568' title='bbox 1034 4397 1143 4476; x_wconf 94' lang='lat' dir='ltr'><strong>homo</strong></span> <span class='ocrx_word' id='word_1_569' title='bbox 1196 4393 1472 4484; x_wconf 82' lang='lat' dir='ltr'><strong>Anaximenem‚</strong></span> <span class='ocrx_word' id='word_1_570' title='bbox 1498 4413 1538 4470; x_wconf 90' lang='lat' dir='ltr'><strong>ut</strong></span> <span class='ocrx_word' id='word_1_571' title='bbox 1563 4425 1629 4492; x_wconf 91' lang='lat' dir='ltr'><strong>pro</strong></span> <span class='ocrx_word' id='word_1_572' title='bbox 1653 4403 1765 4492; x_wconf 84' lang='lat' dir='ltr'><strong>patria</strong></span> <span class='ocrx_word' id='word_1_573' title='bbox 1791 4405 2055 4494; x_wconf 85' lang='lat' dir='ltr'><strong>deprecaretur,</strong></span> <span class='ocrx_word' id='word_1_574' title='bbox 2079 4403 2185 4480; x_wconf 84' lang='lat' dir='ltr'><strong>iurat,</strong></span> <span class='ocrx_word' id='word_1_575' title='bbox 2240 4407 2246 4416; x_wconf 90' lang='lat'>&#39;</span> 
     </span>
     <span class='ocr_line' id='line_1_56' title="bbox 145 4499 2184 4606; baseline -0.006 -24"><span class='ocrx_word' id='word_1_576' title='bbox 145 4510 329 4606; x_wconf 87' lang='lat' dir='ltr'><strong>privatus,</strong></span> <span class='ocrx_word' id='word_1_577' title='bbox 345 4509 483 4580; x_wconf 90' lang='lat' dir='ltr'><strong>etiamsi</strong></span> <span class='ocrx_word' id='word_1_578' title='bbox 500 4521 551 4576; x_wconf 91' lang='lat' dir='ltr'><strong>est</strong></span> <span class='ocrx_word' id='word_1_579' title='bbox 567 4509 703 4578; x_wconf 90' lang='lat' dir='ltr'><strong>tristior</strong></span> <span class='ocrx_word' id='word_1_580' title='bbox 718 4521 780 4578; x_wconf 89' lang='lat' dir='ltr'><strong>aut</strong></span> <span class='ocrx_word' id='word_1_581' title='bbox 794 4506 937 4590; x_wconf 90' lang='lat' dir='ltr'><strong>durior,</strong></span> <span class='ocrx_word' id='word_1_582' title='bbox 959 4531 1032 4576; x_wconf 90' lang='lat' dir='ltr'><strong>non</strong></span> <span class='ocrx_word' id='word_1_583' title='bbox 1048 4505 1145 4574; x_wconf 89' lang='lat' dir='ltr'><strong>vitu·</strong></span> <span class='ocrx_word' id='word_1_584' title='bbox 1195 4523 1232 4570; x_wconf 88' lang='lat' dir='ltr'><strong>se</strong></span> <span class='ocrx_word' id='word_1_585' title='bbox 1254 4523 1327 4570; x_wconf 92' lang='lat' dir='ltr'><strong>non</strong></span> <span class='ocrx_word' id='word_1_586' title='bbox 1351 4499 1545 4585; x_wconf 82' lang='lat' dir='ltr'><strong>facturum,</strong></span> <span class='ocrx_word' id='word_1_587' title='bbox 1571 4504 1666 4594; x_wconf 93' lang='lat' dir='ltr'><strong>quod</strong></span> <span class='ocrx_word' id='word_1_588' title='bbox 1693 4504 1867 4596; x_wconf 85' lang='lat' dir='ltr'><strong>petiturus</strong></span> <span class='ocrx_word' id='word_1_589' title='bbox 1888 4516 1977 4572; x_wconf 91' lang='lat' dir='ltr'><strong>esset</strong></span> <span class='ocrx_word' id='word_1_590' title='bbox 1993 4499 2184 4572; x_wconf 83' lang='lat' dir='ltr'><strong>Anaxime-</strong></span> 
     </span>
    </p>
   </div>
   <div class='ocr_carea' id='block_1_9' title="bbox 13 4599 2186 4806">
    <p class='ocr_par' dir='ltr' id='par_1_9' title="bbox 13 4599 2186 4806">
     <span class='ocr_line' id='line_1_57' title="bbox 16 4599 2184 4710; baseline -0.006 -25"><span class='ocrx_word' id='word_1_591' title='bbox 16 4684 21 4696; x_wconf 86' lang='grc'>,</span> <span class='ocrx_word' id='word_1_592' title='bbox 146 4625 309 4710; x_wconf 83' lang='lat' dir='ltr'><strong>peretur.</strong></span> <span class='ocrx_word' id='word_1_593' title='bbox 359 4609 413 4682; x_wconf 83' lang='lat' dir='ltr'><strong>Ac</strong></span> <span class='ocrx_word' id='word_1_594' title='bbox 435 4634 481 4678; x_wconf 91' lang='lat' dir='ltr'><strong>ne</strong></span> <span class='ocrx_word' id='word_1_595' title='bbox 508 4621 623 4701; x_wconf 89' lang='lat' dir='ltr'><strong>potest</strong></span> <span class='ocrx_word' id='word_1_596' title='bbox 641 4611 784 4703; x_wconf 89' lang='lat' dir='ltr'><strong>quidem</strong></span> <span class='ocrx_word' id='word_1_597' title='bbox 812 4633 885 4680; x_wconf 90' lang='lat' dir='ltr'><strong>esse</strong></span> <span class='ocrx_word' id='word_1_598' title='bbox 909 4609 1054 4680; x_wconf 90' lang='lat' dir='ltr'><strong>comitas</strong></span> <span class='ocrx_word' id='word_1_599' title='bbox 1070 4607 1146 4676; x_wconf 90' lang='lat' dir='ltr'><strong>sine</strong></span> <span class='ocrx_word' id='word_1_600' title='bbox 1196 4625 1269 4672; x_wconf 89' lang='lat' dir='ltr'><strong>nes.</strong></span> <span class='ocrx_word' id='word_1_601' title='bbox 1312 4599 1382 4671; x_wconf 92' lang='lat' dir='ltr'><strong>Hic</strong></span> <span class='ocrx_word' id='word_1_602' title='bbox 1396 4603 1510 4694; x_wconf 88' lang='lat' dir='ltr'><strong>pergit</strong></span> <span class='ocrx_word' id='word_1_603' title='bbox 1526 4617 1558 4672; x_wconf 91' lang='lat' dir='ltr'><strong>et</strong></span> <span class='ocrx_word' id='word_1_604' title='bbox 1579 4603 1684 4692; x_wconf 90' lang='lat' dir='ltr'><strong>petit,</strong></span> <span class='ocrx_word' id='word_1_605' title='bbox 1709 4607 1818 4673; x_wconf 86' lang='lat' dir='ltr'><strong>deleri</strong></span> <span class='ocrx_word' id='word_1_606' title='bbox 1832 4604 2075 4694; x_wconf 87' lang='lat' dir='ltr'><strong>Lampsacum.</strong></span> <span class='ocrx_word' id='word_1_607' title='bbox 2110 4603 2184 4674; x_wconf 87' lang='lat' dir='ltr'><strong>lam</strong></span> 
     </span>
     <span class='ocr_line' id='line_1_58' title="bbox 13 4703 2186 4806; baseline -0.006 -17"><span class='ocrx_word' id='word_1_608' title='bbox 13 4745 19 4757; x_wconf 94' lang='lat'><strong>·</strong></span> <span class='ocrx_word' id='word_1_609' title='bbox 146 4713 347 4804; x_wconf 85' lang='lat' dir='ltr'><strong>singularia</strong></span> <span class='ocrx_word' id='word_1_610' title='bbox 370 4711 560 4806; x_wconf 90' lang='lat' dir='ltr'><strong>prudentia</strong></span> <span class='ocrx_word' id='word_1_611' title='bbox 584 4711 838 4802; x_wconf 89' lang='lat' dir='ltr'><strong>prospiciente,</strong></span> <span class='ocrx_word' id='word_1_612' title='bbox 864 4711 925 4804; x_wconf 88' lang='lat' dir='ltr'><strong>qui</strong></span> <span class='ocrx_word' id='word_1_613' title='bbox 957 4711 1029 4780; x_wconf 91' lang='lat' dir='ltr'><strong>sint</strong></span> <span class='ocrx_word' id='word_1_614' title='bbox 1048 4735 1146 4780; x_wconf 90' lang='lat' dir='ltr'><strong>com·</strong></span> <span class='ocrx_word' id='word_1_615' title='bbox 1198 4703 1370 4794; x_wconf 85' lang='lat' dir='ltr'><strong>religione</strong></span> <span class='ocrx_word' id='word_1_616' title='bbox 1393 4705 1582 4776; x_wconf 89' lang='lat' dir='ltr'><strong>iuramenti</strong></span> <span class='ocrx_word' id='word_1_617' title='bbox 1609 4705 1868 4794; x_wconf 85' lang='lat' dir='ltr'><strong>impediebatur</strong></span> <span class='ocrx_word' id='word_1_618' title='bbox 1889 4705 2108 4792; x_wconf 79' lang='lat' dir='ltr'><strong>Alexander,</strong></span> <span class='ocrx_word' id='word_1_619' title='bbox 2141 4731 2186 4776; x_wconf 90' lang='lat' dir='ltr'><strong>ne</strong></span> 
     </span>
    </p>
   </div>
   <div class='ocr_carea' id='block_1_10' title="bbox 147 4805 2187 4913">
    <p class='ocr_par' dir='ltr' id='par_1_10' title="bbox 147 4805 2187 4913">
     <span class='ocr_line' id='line_1_59' title="bbox 147 4805 2187 4913; baseline -0.007 -23"><span class='ocrx_word' id='word_1_620' title='bbox 147 4815 324 4913; x_wconf 90' lang='lat' dir='ltr'><strong>pellandi‚</strong></span> <span class='ocrx_word' id='word_1_621' title='bbox 350 4841 420 4910; x_wconf 89' lang='lat' dir='ltr'><strong>quo</strong></span> <span class='ocrx_word' id='word_1_622' title='bbox 438 4837 565 4904; x_wconf 87' lang='lat' dir='ltr'><strong>genere</strong></span> <span class='ocrx_word' id='word_1_623' title='bbox 580 4814 753 4882; x_wconf 90' lang='lat' dir='ltr'><strong>sermonis</strong></span> <span class='ocrx_word' id='word_1_624' title='bbox 769 4826 802 4882; x_wconf 88' lang='lat' dir='ltr'><strong>et</strong></span> <span class='ocrx_word' id='word_1_625' title='bbox 818 4812 927 4882; x_wconf 77' lang='lat' dir='ltr'><strong>officii</strong></span> <span class='ocrx_word' id='word_1_626' title='bbox 945 4813 1055 4882; x_wconf 91' lang='lat' dir='ltr'><strong>animi</strong></span> <span class='ocrx_word' id='word_1_627' title='bbox 1074 4813 1146 4884; x_wconf 90' lang='lat' dir='ltr'><strong>sint</strong></span> <span class='ocrx_word' id='word_1_628' title='bbox 1197 4807 1429 4898; x_wconf 86' lang='lat' dir='ltr'><strong>Lampsacum</strong></span> <span class='ocrx_word' id='word_1_629' title='bbox 1446 4806 1587 4878; x_wconf 89' lang='lat' dir='ltr'><strong>deleret.</strong></span> <span class='ocrx_word' id='word_1_630' title='bbox 1641 4805 1825 4896; x_wconf 86' lang='lat' dir='ltr'><strong>Quantum</strong></span> <span class='ocrx_word' id='word_1_631' title='bbox 1850 4808 1887 4874; x_wconf 91' lang='lat' dir='ltr'><strong>in</strong></span> <span class='ocrx_word' id='word_1_632' title='bbox 1909 4807 2095 4878; x_wconf 89' lang='lat' dir='ltr'><strong>obsidione</strong></span> <span class='ocrx_word' id='word_1_633' title='bbox 2121 4833 2187 4900; x_wconf 89' lang='lat' dir='ltr'><strong>op-</strong></span> 
     </span>
    </p>
   </div>
   <div class='ocr_carea' id='block_1_11' title="bbox 13 4901 2183 5024">
    <p class='ocr_par' dir='ltr' id='par_1_11' title="bbox 13 4901 2183 5024">
     <span class='ocr_line' id='line_1_60' title="bbox 13 4901 2183 5024; baseline -0.008 -31"><span class='ocrx_word' id='word_1_634' title='bbox 13 4975 22 5024; x_wconf 74' lang='lat' dir='ltr'><strong>t</strong></span> <span class='ocrx_word' id='word_1_635' title='bbox 146 4917 348 5003; x_wconf 80' lang='lat' dir='ltr'><strong>excitandi,</strong></span> <span class='ocrx_word' id='word_1_636' title='bbox 374 4917 530 5011; x_wconf 88' lang='lat' dir='ltr'><strong>denique</strong></span> <span class='ocrx_word' id='word_1_637' title='bbox 550 4915 701 4984; x_wconf 87' lang='lat' dir='ltr'><strong>multum</strong></span> <span class='ocrx_word' id='word_1_638' title='bbox 717 4915 878 4998; x_wconf 88' lang='lat' dir='ltr'><strong>consilii,</strong></span> <span class='ocrx_word' id='word_1_639' title='bbox 905 4914 991 4982; x_wconf 84' lang='lat' dir='ltr'><strong>artis</strong></span> <span class='ocrx_word' id='word_1_640' title='bbox 1014 4929 1046 4985; x_wconf 91' lang='lat' dir='ltr'><strong>et</strong></span> <span class='ocrx_word' id='word_1_641' title='bbox 1065 4939 1146 4986; x_wconf 87' lang='lat' dir='ltr'><strong>eru-</strong></span> <span class='ocrx_word' id='word_1_642' title='bbox 1199 4909 1273 4998; x_wconf 89' lang='lat' dir='ltr'><strong>pidi</strong></span> <span class='ocrx_word' id='word_1_643' title='bbox 1297 4904 1654 5000; x_wconf 79' lang='lat' dir='ltr'><strong>W&#39;nshergproluit</strong></span> <span class='ocrx_word' id='word_1_644' title='bbox 1673 4909 1882 4996; x_wconf 86' lang='lat' dir='ltr'><strong>ambiguitas</strong></span> <span class='ocrx_word' id='word_1_645' title='bbox 1899 4901 2061 5008; x_wconf 84' lang='lat' dir='ltr'><strong>Guelso,</strong></span> <span class='ocrx_word' id='word_1_646' title='bbox 2092 4907 2183 4980; x_wconf 92' lang='lat' dir='ltr'><strong>Duci</strong></span> 
     </span>
    </p>
   </div>
   <div class='ocr_carea' id='block_1_12' title="bbox 149 5013 1077 5108">
    <p class='ocr_par' dir='ltr' id='par_1_12' title="bbox 149 5013 1077 5108">
     <span class='ocr_line' id='line_1_61' title="bbox 149 5013 1077 5108; baseline -0.009 -10"><span class='ocrx_word' id='word_1_647' title='bbox 149 5021 306 5098; x_wconf 85' lang='lat' dir='ltr'><strong>ditionis</strong></span> <span class='ocrx_word' id='word_1_648' title='bbox 323 5013 409 5090; x_wconf 89' lang='lat' dir='ltr'><strong>baec</strong></span> <span class='ocrx_word' id='word_1_649' title='bbox 423 5020 577 5090; x_wconf 89' lang='lat' dir='ltr'><strong>suavitas</strong></span> <span class='ocrx_word' id='word_1_650' title='bbox 594 5018 631 5086; x_wconf 91' lang='lat' dir='ltr'><strong>in</strong></span> <span class='ocrx_word' id='word_1_651' title='bbox 649 5015 896 5108; x_wconf 89' lang='lat' dir='ltr'><strong>congressibus</strong></span> <span class='ocrx_word' id='word_1_652' title='bbox 912 5016 1077 5108; x_wconf 88' lang='lat' dir='ltr'><strong>postulat.</strong></span> 
     </span>
    </p>
   </div>
   <div class='ocr_carea' id='block_1_13' title="bbox 149 5183 373 5204">
    <p class='ocr_par' dir='ltr' id='par_1_13' title="bbox 149 5183 373 5204">
     <span class='ocr_line' id='line_1_62' title="bbox 149 5183 373 5204; baseline -0.013 -4"><span class='ocrx_word' id='word_1_653' title='bbox 149 5183 373 5204; x_wconf 52' lang='grc' dir='ltr'><strong><em>μ</em></strong></span> 
     </span>
    </p>
   </div>
   <div class='ocr_carea' id='block_1_14' title="bbox 187 5265 731 5336">
    <p class='ocr_par' dir='ltr' id='par_1_14' title="bbox 187 5265 731 5336">
     <span class='ocr_line' id='line_1_63' title="bbox 187 5265 731 5336; baseline -0.009 -15"><span class='ocrx_word' id='word_1_654' title='bbox 187 5269 220 5336; x_wconf 88' lang='grc'><strong>7)</strong></span> <span class='ocrx_word' id='word_1_655' title='bbox 241 5277 273 5320; x_wconf 86' lang='lat' dir='ltr'><strong>nt</strong></span> <span class='ocrx_word' id='word_1_656' title='bbox 284 5269 333 5334; x_wconf 70' lang='lat' dir='ltr'><strong>adv]</strong></span> <span class='ocrx_word' id='word_1_657' title='bbox 354 5265 477 5320; x_wconf 82' lang='lat' dir='ltr'><strong>Declam.</strong></span> <span class='ocrx_word' id='word_1_658' title='bbox 496 5267 556 5332; x_wconf 80' lang='lat' dir='ltr'><strong>nbi,</strong></span> <span class='ocrx_word' id='word_1_659' title='bbox 577 5282 606 5318; x_wconf 82' lang='lat' dir='ltr'><strong>er</strong></span> <span class='ocrx_word' id='word_1_660' title='bbox 621 5265 731 5318; x_wconf 84' lang='lat' dir='ltr'><strong>mendo.</strong></span> 
     </span>
    </p>
   </div>
   <div class='ocr_carea' id='block_1_15' title="bbox 183 5350 597 5504">
    <p class='ocr_par' dir='ltr' id='par_1_15' title="bbox 183 5350 597 5504">
     <span class='ocr_line' id='line_1_64' title="bbox 188 5350 517 5420; baseline -0.015 -15"><span class='ocrx_word' id='word_1_661' title='bbox 188 5354 219 5420; x_wconf 78' lang='grc'><strong>8)</strong></span> <span class='ocrx_word' id='word_1_662' title='bbox 241 5351 301 5406; x_wconf 81' lang='lat' dir='ltr'><strong>Lib.</strong></span> <span class='ocrx_word' id='word_1_663' title='bbox 315 5350 377 5403; x_wconf 84' lang='lat' dir='ltr'><strong>Del.</strong></span> <span class='ocrx_word' id='word_1_664' title='bbox 397 5355 517 5414; x_wconf 74' lang='lat' dir='ltr'><strong>atquae.</strong></span> 
     </span>
     <span class='ocr_line' id='line_1_65' title="bbox 183 5427 597 5504; baseline -0.01 -18"><span class='ocrx_word' id='word_1_665' title='bbox 183 5435 219 5504; x_wconf 74' lang='grc'><strong>9)</strong></span> <span class='ocrx_word' id='word_1_666' title='bbox 236 5433 297 5488; x_wconf 80' lang='lat' dir='ltr'><strong>Lib.</strong></span> <span class='ocrx_word' id='word_1_667' title='bbox 313 5431 374 5487; x_wconf 73' lang='lat' dir='ltr'><strong>net.</strong></span> <span class='ocrx_word' id='word_1_668' title='bbox 393 5427 544 5496; x_wconf 74' lang='lat' dir='ltr'><strong>Sielgiter.</strong></span> <span class='ocrx_word' id='word_1_669' title='bbox 582 5482 597 5500; x_wconf 33' lang='grc' dir='ltr'><strong>χ</strong></span> 
     </span>
    </p>
   </div>
   <div class='ocr_carea' id='block_1_16' title="bbox 152 5501 685 5601">
    <p class='ocr_par' dir='ltr' id='par_1_16' title="bbox 152 5501 685 5601">
     <span class='ocr_line' id='line_1_66' title="bbox 152 5501 685 5601; baseline -0.017 -1"><span class='ocrx_word' id='word_1_670' title='bbox 152 5533 337 5601; x_wconf 69' lang='lat' dir='ltr'><strong>linearia.</strong></span> <span class='ocrx_word' id='word_1_671' title='bbox 357 5523 462 5590; x_wconf 81' lang='lat' dir='ltr'><strong>Orsa.</strong></span> <span class='ocrx_word' id='word_1_672' title='bbox 490 5523 571 5588; x_wconf 81' lang='lat' dir='ltr'><strong>Voc.</strong></span> <span class='ocrx_word' id='word_1_673' title='bbox 587 5501 685 5591; x_wconf 74' lang='lat' dir='ltr'><strong>l&#39;lll.</strong></span> 
     </span>
    </p>
   </div>
   <div class='ocr_carea' id='block_1_17' title="bbox 1199 5003 2188 5202">
    <p class='ocr_par' dir='ltr' id='par_1_17' title="bbox 1199 5003 2188 5202">
     <span class='ocr_line' id='line_1_67' title="bbox 1199 5003 2187 5104; baseline -0.002 -24"><span class='ocrx_word' id='word_1_674' title='bbox 1199 5009 1390 5096; x_wconf 85' lang='lat' dir='ltr'><strong>Bavarico,</strong></span> <span class='ocrx_word' id='word_1_675' title='bbox 1424 5033 1504 5080; x_wconf 90' lang='lat' dir='ltr'><strong>cum</strong></span> <span class='ocrx_word' id='word_1_676' title='bbox 1522 5010 1747 5080; x_wconf 84' lang='lat' dir='ltr'><strong>concessisset</strong></span> <span class='ocrx_word' id='word_1_677' title='bbox 1764 5003 1811 5104; x_wconf 79' lang='lat'><strong>¹⁰)</strong></span> <span class='ocrx_word' id='word_1_678' title='bbox 1829 5007 2025 5102; x_wconf 83' lang='lat' dir='ltr'><strong>Imperator</strong></span> <span class='ocrx_word' id='word_1_679' title='bbox 2038 5003 2187 5081; x_wconf 80' lang='lat' dir='ltr'><strong>Ganra-</strong></span> 
     </span>
     <span class='ocr_line' id='line_1_68' title="bbox 1200 5107 2188 5202; baseline 0.004 -22"><span class='ocrx_word' id='word_1_680' title='bbox 1200 5107 1288 5198; x_wconf 85' lang='lat' dir='ltr'><strong>dns,</strong></span> <span class='ocrx_word' id='word_1_681' title='bbox 1322 5125 1363 5182; x_wconf 90' lang='grc' dir='ltr'><strong>ιιι</strong></span> <span class='ocrx_word' id='word_1_682' title='bbox 1394 5109 1572 5202; x_wconf 89' lang='lat' dir='ltr'><strong>principes</strong></span> <span class='ocrx_word' id='word_1_683' title='bbox 1601 5111 1777 5182; x_wconf 82' lang='lat' dir='ltr'><strong>foeminae</strong></span> <span class='ocrx_word' id='word_1_684' title='bbox 1801 5137 1841 5182; x_wconf 84' lang='grc' dir='ltr'><strong>ε]</strong></span> <span class='ocrx_word' id='word_1_685' title='bbox 1866 5137 1945 5184; x_wconf 91' lang='lat' dir='ltr'><strong>arce</strong></span> <span class='ocrx_word' id='word_1_686' title='bbox 1967 5113 2188 5184; x_wconf 80' lang='lat' dir='ltr'><strong>discederent</strong></span> 
     </span>
    </p>
   </div>
   <div class='ocr_carea' id='block_1_18' title="bbox 1207 5311 1434 5326">
    <p class='ocr_par' dir='ltr' id='par_1_18' title="bbox 1207 5311 1434 5326">
     <span class='ocr_line' id='line_1_69' title="bbox 1207 5311 1434 5326; baseline -0.009 -2"><span class='ocrx_word' id='word_1_687' title='bbox 1207 5311 1434 5326; x_wconf 46' lang='lat' dir='ltr'><strong>——n—-ss</strong></span> 
     </span>
    </p>
   </div>
   <div class='ocr_carea' id='block_1_19' title="bbox 1235 5427 1667 5595">
    <p class='ocr_par' dir='ltr' id='par_1_19' title="bbox 1235 5427 1667 5595">
     <span class='ocr_line' id='line_1_70' title="bbox 1235 5427 1641 5500; baseline 0.007 -15"><span class='ocrx_word' id='word_1_688' title='bbox 1235 5433 1280 5500; x_wconf 83' lang='lat' dir='ltr'><strong>to)</strong></span> <span class='ocrx_word' id='word_1_689' title='bbox 1298 5429 1357 5484; x_wconf 85' lang='lat' dir='ltr'><strong>bib.</strong></span> <span class='ocrx_word' id='word_1_690' title='bbox 1371 5427 1434 5484; x_wconf 72' lang='lat' dir='ltr'><strong>net</strong></span> <span class='ocrx_word' id='word_1_691' title='bbox 1445 5431 1641 5496; x_wconf 79' lang='lat' dir='ltr'><strong>proeessimt.</strong></span> 
     </span>
     <span class='ocr_line' id='line_1_71' title="bbox 1617 5521 1667 5595; baseline -0.1 0"><span class='ocrx_word' id='word_1_692' title='bbox 1617 5521 1667 5595; x_wconf 70' lang='lat'><strong>30</strong></span> 
     </span>
    </p>
   </div>
   <div class='ocr_carea' id='block_1_20' title="bbox 0 0 2416 6176">
    <p class='ocr_par' dir='ltr' id='par_1_20' title="bbox 0 0 2416 6176">
     <span class='ocr_line' id='line_1_72' title="bbox 0 0 2416 6176; baseline 0 0"><span class='ocrx_word' id='word_1_693' title='bbox 0 0 2416 6176; x_wconf 95' lang='lat' dir='ltr'><strong> </strong></span> 
     </span>
    </p>
   </div>
  </div>
 </body>
</html>
