4814 6172
726 253 731 262 '
769 283 1208 364 amsronanuu

514 457 659 562 Philip.
683 453 912 534 Melanthea
1110 475 1124 508 ·
1168 454 1195 494 '

360 562 653 641 Godascaleo
678 558 931 634 Praetorio
963 559 1000 636 S.
1019 559 1067 636 D.

224 713 280 798 Εἰ
294 722 478 813 diligentia
493 734 554 792 tua
579 719 684 790 laude
698 717 805 806 digna
829 727 899 800 est,
924 727 958 786 et
981 715 1098 805 ipsum
1120 731 1210 801 opus

224 829 269 894 de
289 823 456 920 Syntaxi,
490 824 585 915 quod
611 819 787 912 copiosius
810 817 981 908 scriptum
1004 829 1072 899 est,
1106 834 1211 906 quam

144 941 147 950 “
226 928 315 1012 alia,
340 949 430 1020 quae
448 937 567 994 extant
583 924 621 991 in
636 918 704 991 hoc
716 943 862 1010 genere,
888 943 990 1011 spero
1010 917 1111 984 valde
1129 937 1214 1004 pro-,

225 1030 386 1100 futurum
399 1026 576 1098 studiosis.
616 1021 692 1094 Scis
709 1034 880 1114 quantum
896 1017 1088 1090 cruciarint
1103 1016 1214 1085 inter-

226 1143 343 1225 pretes
358 1124 443 1198 haee
459 1128 585 1210 rerba,
607 1120 696 1203 θεὸς
709 1117 757 1217 ἦν
773 1118 793 1194 ὃ
809 1115 934 1220 λόγος,
959 1121 1043 1192 item
1060 1111 1129 1210 τὴν
1147 1113 1214 1210 ἅρ-

224 1227 299 1324 gip
315 1227 371 1301 ὅτι
390 1225 454 1302 καὶ
470 1231 570 1299 λαλῶ
591 1221 702 1318 ὑμῖν,
731 1225 814 1317 quia
841 1223 977 1294 Graeca
1003 1216 1141 1312 phrasis
1165 1219 1216 1287 eis

228 1336 348 1420 ignota
364 1333 443 1401 fuit.
493 1329 547 1400 Ac
563 1329 669 1398 velim
687 1341 719 1396 te
734 1327 866 1396 alicubi
885 1327 969 1396 talia
985 1321 1140 1412 exempla
1158 1321 1216 1388 in-

228 1447 354 1506 texere.
406 1431 503 1502 Rene
518 1432 616 1512 vale,
642 1430 778 1500 decima
793 1429 851 1496 die
870 1427 1037 1498 Ianuarii.
1063 1417 1216 1519 (1554.)

766 1674 1216 1696 ,Μ

1046 1854 1103 1916 10.
1124 1842 1191 1910 Ian.

999 1939 1212 1974 m

583 2043 632 2133 G.
645 2043 873 2129 Fabricio.

300 2201 379 2258 Edita
396 2201 515 2274 primum
535 2222 550 2257 a
569 2201 718 2270 Sauberto,
746 2217 807 2273 epp.
828 2199 863 2252 V.
882 2217 910 2270 p.
928 2195 991 2255 ttt.
1033 2194 1147 2251 Contuli
1165 2213 1217 2252 co·

332 2273 391 2330 die.
405 2275 504 2328 Zittar.
523 2291 568 2344 ep.
588 2273 633 2326 29.

231 2424 434 2526 Georgia
468 2423 713 2514 Fabricio,
744 2421 894 2498 Rectori
924 2419 1084 2496 Scholae
1117 2419 1218 2496 Mis-

660 2529 796 2604 nensis.

228 1849 295 1923 No.
310 1844 423 1923 5550.

233 1953 446 1992 w

231 2667 281 2755 S·
307 2679 352 2751 D.
411 2679 536 2752 Frater
565 2693 665 2766 tuus,
697 2679 754 2748 vir
774 2677 947 2768 optimus,
978 2690 1040 2747 tuo
1067 2677 1217 2747 consilio

232 2783 505 2874 obtemperavit,
543 2795 578 2851 et
601 2783 638 2850 in
662 2780 840 2850 academia
869 2803 942 2850 esse
973 2779 1111 2854 maluit.
1169 2775 1219 2850 Et

233 2907 316 2976 ego,
331 2886 487 2974 cogitans
504 2885 744 2953 difficultatem
765 2882 862 2951 illius
878 2881 1127 2972 paedagogiae,
1143 2906 1217 2950 non

232 2987 335 3056 valde
350 2987 553 3056 adversatus
568 3008 644 3053 sum
661 2983 771 3076 ipsius
785 2983 973 3057 voluntati.
1024 2981 1128 3052 Nunc
1143 3007 1216 3051 non

233 3088 308 3157 sine
346 3089 586 3158 sollicitudine
619 3081 714 3156 hune
740 3079 941 3159 Nicolaum
974 3075 1218 3175 Publium'),

232 3187 545 3278 Noribergensem,
578 3187 698 3272 mitto,
732 3190 874 3258 doctum
897 3189 1011 3257 virum
1035 3185 1075 3254 in
1099 3187 1218 3256 omni-

233 3291 300 3361 bus
314 3285 561 3382 philosophiae
583 3291 761 3378 partibus,
788 3303 822 3358 et
843 3313 916 3356 non
939 3312 1139 3374 morosum,
1166 3303 1218 3359 te-

234 3415 303 3484 que
321 3415 402 3476 oro,
427 3405 469 3461 ut
485 3415 564 3459 eum
582 3389 825 3480 complectaris
842 3401 876 3458 et
892 3389 1049 3458 consiliis
1074 3389 1143 3459 tuis
1161 3415 1215 3458 re-

234 3513 305 3580 gas.
357 3489 476 3582 lpsum
493 3493 596 3562 etiam
620 3514 721 3580 spero
743 3491 913 3560 intuenda
932 3503 1046 3560 vestra
1063 3493 1215 3561 amicitia

232 3593 373 3660 firmum
391 3593 478 3664 fore.
528 3591 699 3662 Hortatus
720 3616 797 3660 sum
821 3616 919 3678 eum,
945 3608 985 3663 ut
1008 3606 1041 3663 te
1059 3607 1093 3660 et
1108 3593 1215 3662 colle-

234 3715 294 3782 gas
308 3707 401 3762 amet
424 3705 460 3762 et
475 3709 678 3778 veneretur,
703 3707 737 3764 et
753 3718 975 3764 communem
991 3697 1214 3764 concordiam

235 3807 393 3878 tueatur,
411 3794 483 3863 tuis
501 3820 584 3865 vero
601 3795 757 3864 consiliis
771 3809 891 3866 utatur
906 3809 939 3866 et
954 3799 998 3864 de
1013 3797 1217 3872 erudiendis

236 3895 515 3966 adolescentibus
538 3901 628 3967 etde
652 3898 765 3968 aulica
788 3900 1053 3968 consuetudine.
1103 3894 1217 3979 †Sei-

237 4010 294 4076 to,
326 3990 396 4066 hue
417 3999 587 4089 seriptum
611 4021 702 4084 esse,
734 4013 776 4069 ut
801 3993 985 4092 Georgius
1009 3993 1143 4068 Maior
1173 4004 1215 4070 ad

237 4120 300 4168 vos
325 4099 547 4187 commigret,
585 4113 625 4170 ut
666 4102 795 4192 praesit
831 4102 978 4191 collegio
1008 4093 1216 4188 theologico.

238 4197 335 4287 Quid
351 4201 505 4272 facturus
527 4203 572 4273 sit
584 4207 746 4272 nondum
763 4204 833 4272 scio
844 4201 921 4295 ''²),
945 4205 1004 4272 sed
1022 4227 1086 4272 oro
1102 4203 1215 4271 filium

237 4299 322 4386 Dei,
343 4315 382 4371 ut
397 4305 569 4392 gubernet
585 4305 826 4376 doctrinarum
842 4305 958 4374 studia
974 4306 1011 4372 in
1031 4298 1086 4372 his
1103 4305 1219 4391 regio-

238 4403 364 4486 nibus,
397 4417 449 4490 et,
483 4420 524 4476 ut
553 4417 594 4476 tu
627 4407 769 4490 scribis,
808 4407 968 4475 doctores
998 4427 1120 4476 omnes
1148 4407 1219 4476 siut

238 4527 373 4590 unum,
397 4508 546 4577 doceant
559 4531 683 4592 unum,
707 4510 883 4577 fateantur
897 4519 930 4576 et
945 4531 1068 4576 unum.
1111 4504 1218 4576 Mitto

238 4607 306 4674 tibi
327 4609 490 4698 pagellas.
549 4607 647 4679 Bene
680 4623 714 4680 et
747 4609 895 4677 feliciter
929 4607 1018 4681 vale.
1075 4605 1142 4676 Die
1175 4608 1219 4682 X.

240 4703 408 4786 Ianuarii.

892 4763 895 4770 ¹
975 4803 1174 4900 Philippus.

232 4973 457 4990 m

275 5061 412 5131 1)Nteot.
431 5064 511 5126 Pala.
549 5065 576 5118 ui
595 5079 719 5120 mortuus
736 5085 793 5119 esse
810 5065 910 5120 dicitur
930 5064 957 5118 d.
969 5062 1047 5118 SM
1069 5083 1092 5118 r.
1117 5061 1170 5116 Sed
1190 5063 1216 5114 in

306 5131 426 5204 epistolis
445 5134 478 5186 sd
497 5085 652 5189 Fabricium
672 5153 744 5188 anno
766 5137 838 5188 taso.
858 5133 966 5203 seriptis
985 5133 1018 5186 de
1035 5083 1083 5186 illo
1102 5129 1216 5186 Nicolao

303 5202 903 5343 lttt,:‘.¹..‘.‘.¹'.'⁰⁰.ati.l.⁶;'”attilii.
914 5205 945 5324 ἦ
957 5199 1031 5327 ”ii
1042 5217 1122 5324 iiii⁰
1138 5197 1216 5322 iiii·

299 5337 437 5411 scriptam.
904 5381 907 5388 .

264 5439 387 5512 ollam
401 5440 547 5496 Saubertus
564 5439 620 5494 tion
640 5437 733 5497 edidit.

1270 285 1377 365 ΗΒ.
1402 285 1486 365 Xll.
1540 283 1671 364 1564.

1263 455 1327 530 No.
1342 452 1454 530 5531.

1268 551 1440 583 Μ

1611 639 1683 726 Μ.
1713 639 1903 728 Gallina.

1333 801 1413 874 †Ex
1430 819 1526 874 apogr.
1544 801 1573 856 in
1591 801 1655 857 eod.
1674 799 1761 858 Paris.
1777 799 1816 857 D.
1834 799 1868 855 1..
1886 800 1950 856 54⁸.

1265 933 1523 1010 Malthace
1550 931 1764 1026 Collina,
1787 938 1827 1011 ia
1843 932 2045 1012 Academia
2059 929 2262 1032 Pragensi.

1267 1069 1316 1158 S·
1343 1087 1388 1164 Ι).
1445 1087 1658 1160 loctissime
1689 1090 1745 1159 vir
1775 1101 1809 1159 et
1835 1089 1953 1161 cariss.
1982 1090 2101 1158 frater.
2172 1085 2261 1157 Non

1268 1189 1373 1259 aliam
1388 1191 1625 1261 existimemus
1646 1213 1786 1260 causam
1811 1215 1884 1260 esse
1906 1206 1976 1260 tarn
2000 1189 2097 1280 longi
2121 1189 2262 1258 silentii

1269 1293 1339 1362 mei
1356 1293 1425 1362 nisi
1442 1287 1555 1378 hanc,
1580 1295 1675 1386 quod
1692 1315 1795 1361 nemo
1812 1291 2013 1362 tabellarios
2036 1291 2079 1360 ad
2097 1313 2160 1360 vos
2183 1292 2263 1361 itu-

1269 1417 1329 1463 ros
1350 1389 1441 1464 mihi
1463 1394 1643 1464 indicavit.
1697 1391 1816 1463 Hodie
1839 1417 1923 1464 vero
1940 1389 2118 1478 Iacobus,
2143 1388 2260 1464 homo

1270 1496 1464 1576 officiosus,
1496 1495 1616 1565 literas
1639 1517 1658 1564 a
1681 1517 1737 1564 me
1759 1495 1946 1584 flagitavit,
1971 1517 2175 1589 quanquam
2198 1498 2264 1566 eui

1271 1597 1467 1668 traditurus
1486 1597 1532 1667 sit
1551 1596 1681 1670 nescio.
1737 1595 1870 1688 Scripsi
1893 1598 2001 1686 igitur
2020 1597 2138 1666 subito
2162 1589 2262 1667 hane

1272 1699 1477 1791 epistolam,
1504 1713 1545 1768 ut
1563 1698 1744 1767 silentium
1767 1723 1939 1773 excusem.
1997 1695 2070 1768 Nec
2094 1711 2261 1788 poteram

1271 1801 1342 1869 iam
1367 1815 1428 1871 aut
1454 1802 1499 1868 ad
1522 1800 1611 1870 alios
1633 1800 1771 1868 mittere
1793 1801 1930 1882 literas,
1956 1812 2018 1870 aut
2041 1799 2109 1870 tibi
2127 1801 2174 1869 de
2192 1816 2260 1872 tito

1271 1903 1427 1972 carmine
1458 1914 1616 1972 accurate
1642 1903 1854 1991 respondere
1886 1903 1924 1970 in
1962 1913 2059 1972 tanta
2092 1905 2258 1992 angustia

1270 2004 1449 2096 temporis.
1500 2001 1571 2074 Sed
1594 2003 1833 2095 respondebo,
1856 2027 1936 2074 curn
1961 2003 2183 2074 indicabitur
2207 2019 2254 2074 ta·

1271 2106 1439 2176 bellarius
1468 2119 1595 2178 certus.
1654 2103 1759 2173 Nunc
1780 2103 1880 2174 mitto
1900 2106 2053 2177 recentia
2079 2107 2261 2196 poemata,

1271 2231 1360 2298 quae
1384 2209 1596 2286 ostendunt,
1634 2200 1751 2275 adhue
1772 2207 1962 2280 mediocria
1986 2207 2025 2276 in
2048 2199 2104 2276 his
2126 2207 2261 2278 vicinis

1272 2305 1471 2378 Academiis
1491 2306 1734 2378 doctrinarum
1756 2308 1873 2377 studia
1891 2333 1973 2380 esse.
2024 2307 2078 2380 De
2092 2311 2262 2380 veniente

1271 2423 1399 2480 aestate
1427 2409 1536 2498 magis
1568 2409 1733 2477 metetri
1763 2409 1919 2478 siderum
1951 2410 2088 2503 positus
2120 2423 2261 2484 terrent

1272 2535 1378 2604 quam
1418 2534 1560 2590 eorum,
1599 2511 1661 2604 qui
1702 2509 1836 2578 bellum
1871 2527 2015 2600 genant,
2052 2513 2257 2604 adparatus.

1271 2605 1492 2681 Thaddmm
1510 2611 1617 2681 velim
1639 2611 1744 2680 nobis
1759 2611 1895 2706 aliquid
1911 2614 2102 2704 significare
2117 2615 2162 2682 de
2178 2617 2258 2685 suis

1271 2713 1459 2784 vaticiniis.
1512 2715 1566 2786 De
1590 2726 1784 2797 conventu,
1818 2739 1923 2806 quern
1943 2715 2086 2787 Carolus
2107 2715 2252 2798 indixit,

1272 2829 1305 2886 et
1320 2839 1423 2909 quern
1441 2810 1508 2884 hoc
1528 2813 1693 2884 lanuario
1710 2810 1871 2884 inchoari
1887 2818 2013 2902 voluit,
2036 2810 2121 2882 nihil
2138 2815 2246 2882 audi-

1271 2941 1360 2991 mus.
1412 2904 1576 2986 Carolus
1598 2915 1792 3005 lmperator
1815 2917 1853 2984 in
1868 2915 2009 3010 Belgieo
2029 2929 2093 3000 est,
2115 2927 2150 2985 et
2174 2909 2251 2986 hoc

1271 3020 1358 3110 agit,
1392 3032 1431 3089 ut
1462 3019 1535 3089 filio
1568 3010 1748 3114 Philippo
1779 3019 1891 3090 nubat
1924 3017 2061 3111 Regina
2090 3013 2255 3106 Anglica.

1270 3121 1380 3191 Plura
1394 3121 1546 3191 scribam
1563 3143 1668 3212 quam
1685 3119 1840 3214 primurn
1861 3135 1996 3213 potero.
2046 3117 2139 3188 Bene
2153 3133 2187 3188 et
2201 3121 2259 3188 ie-

1270 3223 1384 3292 liciter
1399 3223 1486 3291 vale.
1539 3217 1829 3296 15.tan.1554.
1879 3222 2037 3295 Salutem
2061 3235 2143 3312 opto
2166 3223 2262 3290 ami·

1270 3324 1511 3396 cisomnibus.

2115 3532 2269 3546 ῃ

1288 3661 1352 3735 Νο.
1371 3659 1486 3738 5582.

1277 3759 1488 3795 Μ
2078 3751 2258 3782 m

1561 3823 1671 3954 Cpb.
1699 3841 1993 3929 Statbmiam'.

1339 3997 1423 4072 Epist.
1438 3997 1486 4054 lib.
1498 3996 1533 4054 ll.
1548 4019 1573 4074 p.
1586 4000 1645 4054 ns.
1663 3999 1717 4070 (ed.
1731 3999 1818 4056 baad.
1830 3999 1879 4054 lib.
1891 3997 1927 4056 ll.
1940 4019 1982 4074 ep.
1993 3998 2076 4067 lib).

1389 4137 1444 4217 D.
1468 4134 1817 4238 Christophoro
1843 4134 2150 4214 Stathmioni

1272 4277 1321 4366 S.
1348 4285 1393 4362 D.
1444 4287 1617 4360 Delectati
1631 4311 1752 4358 sumus
1778 4287 1935 4360 lectione.
1953 4289 2075 4380 scripti
2097 4293 2151 4362 tui
2175 4319 2273 4370 eru.

1272 4391 1438 4462 ditissimi
1456 4389 1709 4460 demutatione
1727 4383 1918 4460 humorum
1933 4406 2148 4480 congruente
2173 4421 2275 4472 curn

1272 4493 1395 4564 Lunae
1411 4492 1608 4561 itineribus.
1660 4485 1707 4560 Et
1721 4514 1785 4559 nos
1802 4493 1867 4581 ipsi
1888 4493 2124 4584 comperimus
2138 4519 2276 4572 exem.

1273 4597 1342 4686 pla.
1384 4592 1506 4686 Itaque
1524 4607 1558 4663 et
1571 4592 1716 4683 publico
1733 4593 1878 4662 nomine
1894 4607 1927 4662 et
1945 4617 2024 4664 meo
2043 4596 2108 4664 tibi
2123 4603 2274 4687 gratias

1273 4720 1357 4785 ago,
1385 4698 1481 4787 quod
1504 4691 1567 4763 has
1589 4708 1665 4762 tuas
1688 4695 1951 4790 observationes
1975 4697 2128 4770 edidisti.
2184 4697 2276 4774 De.

1273 4813 1328 4870 cet
1360 4819 1425 4866 nos
1449 4795 1691 4866 testimonium
1723 4795 1889 4886 praebere
1921 4797 2078 4884 veritati,
2115 4799 2275 4878 etiamsi

1272 4899 1396 4982 multi,
1427 4911 1467 4966 ut
1481 4894 1669 4990 Cyclopes,
1702 4896 1865 4965 ordinem
1885 4897 2027 4968 divinae
2049 4900 2275 4994 sapientiae,

1271 5001 1432 5068 miranda
1454 5012 1528 5068 arte
1551 4997 1770 5081 institutum,
1794 5011 2032 5070 contemnant.
2085 4999 2157 5073 Hic
2181 5006 2276 5099 ipse

1271 5123 1386 5171 annus
1399 5101 1555 5169 ostendit
1568 5123 1640 5166 non
1654 5098 1790 5168 ociosos
1805 5120 1877 5168 esse
1891 5099 2073 5170 stellarum
2086 5127 2276 5196 congres-

1269 5226 1347 5287 sus,
1373 5202 1556 5294 quierunt
1574 5199 1679 5268 initio
1702 5191 1846 5292 anni*).
1895 5197 1965 5271 Sed
1986 5197 2104 5274 Deum
2126 5213 2279 5284 condi.

1268 5357 1489 5374 Μ

1297 5429 1325 5500 i¹)
1343 5429 1407 5485 vit.
1423 5447 1468 5503 ep.
1480 5427 1514 5484 ad
1528 5425 1726 5484 Statbmionem
1740 5427 1766 5483 d.
1783 5429 1899 5484 mehr.
1914 5429 1991 5491 tass.
