<?xml version="1.0" encoding="UTF-8"?>
<!DOCTYPE html PUBLIC "-//W3C//DTD XHTML 1.0 Transitional//EN"
    "http://www.w3.org/TR/xhtml1/DTD/xhtml1-transitional.dtd">
<html xmlns="http://www.w3.org/1999/xhtml" xml:lang="en" lang="en">
 <head>
  <title>
</title>
<meta http-equiv="Content-Type" content="text/html;charset=utf-8" />
  <meta name='ocr-system' content='tesseract 3.04.00' />
  <meta name='ocr-capabilities' content='ocr_page ocr_carea ocr_par ocr_line ocrx_word'/>
</head>
<body>
  <div class='ocr_page' id='page_1' title='image "./philippimelanth05bindgoog_0183.png"; bbox 0 0 4814 6172; ppageno 0'>
   <div class='ocr_carea' id='block_1_1' title="bbox 137 287 208 368">
    <p class='ocr_par' dir='ltr' id='par_1_1' title="bbox 137 287 208 368">
     <span class='ocr_line' id='line_1_1' title="bbox 137 287 208 368; baseline -0.028 1"><span class='ocrx_word' id='word_1_1' title='bbox 137 287 208 368; x_wconf 68' lang='lat'><strong>009</strong></span> 
     </span>
    </p>
   </div>
   <div class='ocr_carea' id='block_1_2' title="bbox 144 433 1140 748">
    <p class='ocr_par' dir='ltr' id='par_1_2' title="bbox 144 433 1140 748">
     <span class='ocr_line' id='line_1_2' title="bbox 144 433 1140 546; baseline -0.023 -15"><span class='ocrx_word' id='word_1_2' title='bbox 144 481 200 531; x_wconf 82' lang='lat' dir='ltr'><strong>cas</strong></span> <span class='ocrx_word' id='word_1_3' title='bbox 218 433 531 546; x_wconf 74' lang='lat' dir='ltr'><strong>interpretationes</strong></span> <span class='ocrx_word' id='word_1_4' title='bbox 544 439 693 532; x_wconf 83' lang='lat' dir='ltr'><strong>leleees,</strong></span> <span class='ocrx_word' id='word_1_5' title='bbox 719 441 908 516; x_wconf 71' lang='lat' dir='ltr'><strong>caniculos</strong></span> <span class='ocrx_word' id='word_1_6' title='bbox 923 461 1002 514; x_wconf 86' lang='lat' dir='ltr'><strong>cum</strong></span> <span class='ocrx_word' id='word_1_7' title='bbox 1023 437 1067 509; x_wconf 88' lang='lat' dir='ltr'><strong>iis</strong></span> <span class='ocrx_word' id='word_1_8' title='bbox 1083 459 1140 509; x_wconf 83' lang='lat' dir='ltr'><strong>re-</strong></span> 
     </span>
     <span class='ocr_line' id='line_1_3' title="bbox 146 539 1139 652; baseline -0.025 -20"><span class='ocrx_word' id='word_1_9' title='bbox 146 565 229 646; x_wconf 85' lang='lat' dir='ltr'><strong>bus,</strong></span> <span class='ocrx_word' id='word_1_10' title='bbox 254 577 344 652; x_wconf 88' lang='lat' dir='ltr'><strong>quae</strong></span> <span class='ocrx_word' id='word_1_11' title='bbox 360 571 462 626; x_wconf 79' lang='lat' dir='ltr'><strong>nune</strong></span> <span class='ocrx_word' id='word_1_12' title='bbox 479 541 699 644; x_wconf 75' lang='lat' dir='ltr'><strong>impendeat.</strong></span> <span class='ocrx_word' id='word_1_13' title='bbox 750 539 938 642; x_wconf 72' lang='lat' dir='ltr'><strong>Stephani</strong></span> <span class='ocrx_word' id='word_1_14' title='bbox 958 544 1139 633; x_wconf 74' lang='lat' dir='ltr'><strong>negotium</strong></span> 
     </span>
     <span class='ocr_line' id='line_1_4' title="bbox 147 648 1140 748; baseline -0.019 -18"><span class='ocrx_word' id='word_1_15' title='bbox 147 657 235 744; x_wconf 82' lang='lat' dir='ltr'><strong>mibi</strong></span> <span class='ocrx_word' id='word_1_16' title='bbox 268 678 373 728; x_wconf 83' lang='lat' dir='ltr'><strong>curae</strong></span> <span class='ocrx_word' id='word_1_17' title='bbox 402 656 490 739; x_wconf 78' lang='lat' dir='ltr'><strong>erit,</strong></span> <span class='ocrx_word' id='word_1_18' title='bbox 518 675 625 748; x_wconf 88' lang='lat' dir='ltr'><strong>quem</strong></span> <span class='ocrx_word' id='word_1_19' title='bbox 656 650 723 718; x_wconf 85' lang='lat' dir='ltr'><strong>scis</strong></span> <span class='ocrx_word' id='word_1_20' title='bbox 744 654 800 720; x_wconf 77' lang='lat' dir='ltr'><strong>uie</strong></span> <span class='ocrx_word' id='word_1_21' title='bbox 821 648 1043 738; x_wconf 82' lang='lat' dir='ltr'><strong>eoruplexum</strong></span> <span class='ocrx_word' id='word_1_22' title='bbox 1066 663 1140 714; x_wconf 86' lang='lat' dir='ltr'><strong>esse</strong></span> 
     </span>
    </p>
   </div>
   <div class='ocr_carea' id='block_1_3' title="bbox 147 751 1153 852">
    <p class='ocr_par' dir='ltr' id='par_1_3' title="bbox 147 751 1153 852">
     <span class='ocr_line' id='line_1_5' title="bbox 147 751 1153 852; baseline -0.023 -17"><span class='ocrx_word' id='word_1_23' title='bbox 147 779 226 845; x_wconf 70' lang='lat' dir='ltr'><strong>arcte</strong></span> <span class='ocrx_word' id='word_1_24' title='bbox 240 760 373 830; x_wconf 85' lang='lat' dir='ltr'><strong>multus</strong></span> <span class='ocrx_word' id='word_1_25' title='bbox 388 777 525 840; x_wconf 81' lang='lat' dir='ltr'><strong>anuos,</strong></span> <span class='ocrx_word' id='word_1_26' title='bbox 548 779 588 823; x_wconf 92' lang='lat' dir='ltr'><strong>ac</strong></span> <span class='ocrx_word' id='word_1_27' title='bbox 605 753 798 822; x_wconf 77' lang='lat' dir='ltr'><strong>ualde-iam</strong></span> <span class='ocrx_word' id='word_1_28' title='bbox 813 751 888 820; x_wconf 86' lang='lat' dir='ltr'><strong>eius</strong></span> <span class='ocrx_word' id='word_1_29' title='bbox 904 759 1093 852; x_wconf 74' lang='lat' dir='ltr'><strong>conspeetu</strong></span> <span class='ocrx_word' id='word_1_30' title='bbox 1105 756 1153 813; x_wconf 89' lang='lat' dir='ltr'><strong>et·</strong></span> 
     </span>
    </p>
   </div>
   <div class='ocr_carea' id='block_1_4' title="bbox 77 843 1141 1356">
    <p class='ocr_par' dir='ltr' id='par_1_4' title="bbox 77 843 1141 1356">
     <span class='ocr_line' id='line_1_6' title="bbox 148 843 1141 944; baseline -0.022 -8"><span class='ocrx_word' id='word_1_31' title='bbox 148 855 371 936; x_wconf 80' lang='lat' dir='ltr'><strong>sermonibus</strong></span> <span class='ocrx_word' id='word_1_32' title='bbox 386 853 601 930; x_wconf 75' lang='lat' dir='ltr'><strong>exhilaratus</strong></span> <span class='ocrx_word' id='word_1_33' title='bbox 615 875 716 938; x_wconf 73' lang='lat' dir='ltr'><strong>serm,</strong></span> <span class='ocrx_word' id='word_1_34' title='bbox 741 873 822 922; x_wconf 85' lang='lat' dir='ltr'><strong>cum</strong></span> <span class='ocrx_word' id='word_1_35' title='bbox 836 850 979 944; x_wconf 77' lang='lat' dir='ltr'><strong>quidem</strong></span> <span class='ocrx_word' id='word_1_36' title='bbox 994 864 1028 920; x_wconf 86' lang='lat' dir='ltr'><strong>et</strong></span> <span class='ocrx_word' id='word_1_37' title='bbox 1043 843 1141 919; x_wconf 78' lang='lat' dir='ltr'><strong>nmi-</strong></span> 
     </span>
     <span class='ocr_line' id='line_1_7' title="bbox 151 947 1139 1056; baseline -0.021 -19"><span class='ocrx_word' id='word_1_38' title='bbox 151 969 195 1037; x_wconf 90' lang='lat' dir='ltr'><strong>bo</strong></span> <span class='ocrx_word' id='word_1_39' title='bbox 219 961 399 1056; x_wconf 88' lang='lat' dir='ltr'><strong>eorporis,</strong></span> <span class='ocrx_word' id='word_1_40' title='bbox 437 974 471 1030; x_wconf 87' lang='lat' dir='ltr'><strong>et</strong></span> <span class='ocrx_word' id='word_1_41' title='bbox 503 955 584 1028; x_wconf 84' lang='lat' dir='ltr'><strong>aliis</strong></span> <span class='ocrx_word' id='word_1_42' title='bbox 612 947 799 1026; x_wconf 71' lang='lat' dir='ltr'><strong>dotandus</strong></span> <span class='ocrx_word' id='word_1_43' title='bbox 822 952 1009 1050; x_wconf 80' lang='lat' dir='ltr'><strong>cruciarer.</strong></span> <span class='ocrx_word' id='word_1_44' title='bbox 1069 947 1139 1020; x_wconf 90' lang='lat' dir='ltr'><strong>Sed</strong></span> 
     </span>
     <span class='ocr_line' id='line_1_8' title="bbox 77 1049 1141 1152; baseline -0.024 -10"><span class='ocrx_word' id='word_1_45' title='bbox 77 1097 85 1110; x_wconf 92' lang='lat'>·</span> <span class='ocrx_word' id='word_1_46' title='bbox 151 1067 221 1140; x_wconf 85' lang='lat' dir='ltr'><strong>Deo</strong></span> <span class='ocrx_word' id='word_1_47' title='bbox 244 1087 311 1135; x_wconf 86' lang='lat' dir='ltr'><strong>nos</strong></span> <span class='ocrx_word' id='word_1_48' title='bbox 328 1061 557 1138; x_wconf 83' lang='lat' dir='ltr'><strong>commendo,</strong></span> <span class='ocrx_word' id='word_1_49' title='bbox 582 1079 690 1152; x_wconf 85' lang='lat' dir='ltr'><strong>quem</strong></span> <span class='ocrx_word' id='word_1_50' title='bbox 706 1079 789 1141; x_wconf 85' lang='lat' dir='ltr'><strong>oro,</strong></span> <span class='ocrx_word' id='word_1_51' title='bbox 814 1070 858 1126; x_wconf 88' lang='lat' dir='ltr'><strong>ut</strong></span> <span class='ocrx_word' id='word_1_52' title='bbox 871 1049 1044 1125; x_wconf 82' lang='lat' dir='ltr'><strong>Ecclesias</strong></span> <span class='ocrx_word' id='word_1_53' title='bbox 1061 1071 1141 1119; x_wconf 85' lang='lat' dir='ltr'><strong>suas</strong></span> 
     </span>
     <span class='ocr_line' id='line_1_9' title="bbox 148 1151 1140 1262; baseline -0.022 -22"><span class='ocrx_word' id='word_1_54' title='bbox 148 1170 280 1262; x_wconf 84' lang='lat' dir='ltr'><strong>ubique</strong></span> <span class='ocrx_word' id='word_1_55' title='bbox 296 1177 447 1236; x_wconf 82' lang='lat' dir='ltr'><strong>tueatur.</strong></span> <span class='ocrx_word' id='word_1_56' title='bbox 502 1155 546 1233; x_wconf 89' lang='lat' dir='ltr'><em>V</em></span> <span class='ocrx_word' id='word_1_57' title='bbox 540 1155 696 1230; x_wconf 79' lang='lat' dir='ltr'><strong>tctortm</strong></span> <span class='ocrx_word' id='word_1_58' title='bbox 720 1159 870 1228; x_wconf 88' lang='lat' dir='ltr'><strong>salutem</strong></span> <span class='ocrx_word' id='word_1_59' title='bbox 895 1167 994 1246; x_wconf 72' lang='lat' dir='ltr'><strong>optas</strong></span> <span class='ocrx_word' id='word_1_60' title='bbox 1042 1151 1140 1221; x_wconf 84' lang='lat' dir='ltr'><strong>Bene</strong></span> 
     </span>
     <span class='ocr_line' id='line_1_10' title="bbox 147 1253 1141 1356; baseline -0.017 -16"><span class='ocrx_word' id='word_1_61' title='bbox 147 1273 235 1344; x_wconf 78' lang='lat' dir='ltr'><strong>vale.</strong></span> <span class='ocrx_word' id='word_1_62' title='bbox 287 1267 345 1338; x_wconf 89' lang='lat' dir='ltr'><strong>die</strong></span> <span class='ocrx_word' id='word_1_63' title='bbox 361 1264 526 1356; x_wconf 77' lang='lat' dir='ltr'>baptismi</span> <span class='ocrx_word' id='word_1_64' title='bbox 551 1263 613 1331; x_wconf 89' lang='lat' dir='ltr'><strong>lilii</strong></span> <span class='ocrx_word' id='word_1_65' title='bbox 631 1262 714 1345; x_wconf 91' lang='lat' dir='ltr'><strong>Dei,</strong></span> <span class='ocrx_word' id='word_1_66' title='bbox 742 1261 779 1329; x_wconf 92' lang='lat' dir='ltr'><strong>in</strong></span> <span class='ocrx_word' id='word_1_67' title='bbox 796 1281 871 1353; x_wconf 86' lang='lat' dir='ltr'><strong>quo·</strong></span> <span class='ocrx_word' id='word_1_68' title='bbox 890 1253 1021 1326; x_wconf 80' lang='lat' dir='ltr'><strong>illustri</strong></span> <span class='ocrx_word' id='word_1_69' title='bbox 1043 1253 1141 1324; x_wconf 89' lang='lat' dir='ltr'><strong>testi-</strong></span> 
     </span>
    </p>
   </div>
   <div class='ocr_carea' id='block_1_5' title="bbox 700 257 1603 352">
    <p class='ocr_par' dir='ltr' id='par_1_5' title="bbox 700 257 1603 352">
     <span class='ocr_line' id='line_1_11' title="bbox 700 257 1603 352; baseline -0.009 -10"><span class='ocrx_word' id='word_1_70' title='bbox 700 265 1150 352; x_wconf 64' lang='lat' dir='ltr'><strong>..salsamentum</strong></span> <span class='ocrx_word' id='word_1_71' title='bbox 1203 259 1419 338; x_wconf 61' lang='lat' dir='ltr'><strong>tithan.</strong></span> <span class='ocrx_word' id='word_1_72' title='bbox 1474 257 1603 338; x_wconf 68' lang='lat' dir='ltr'><strong>lidi.</strong></span> 
     </span>
    </p>
   </div>
   <div class='ocr_carea' id='block_1_6' title="bbox 1930 261 2186 502">
    <p class='ocr_par' dir='ltr' id='par_1_6' title="bbox 1930 261 2186 502">
     <span class='ocr_line' id='line_1_12' title="bbox 2103 261 2186 338; baseline -0.024 0"><span class='ocrx_word' id='word_1_73' title='bbox 2103 261 2186 338; x_wconf 58' lang='lat'><strong>810</strong></span> 
     </span>
     <span class='ocr_line' id='line_1_13' title="bbox 1930 430 2169 502; baseline -0.025 2"><span class='ocrx_word' id='word_1_74' title='bbox 1930 439 1934 450; x_wconf 86' lang='lat'>&#39;</span> <span class='ocrx_word' id='word_1_75' title='bbox 2024 430 2169 502; x_wconf 53' lang='lat' dir='ltr'><strong>stilos.</strong></span> 
     </span>
    </p>
   </div>
   <div class='ocr_carea' id='block_1_7' title="bbox 2006 524 2177 552">
    <p class='ocr_par' dir='ltr' id='par_1_7' title="bbox 2006 524 2177 552">
     <span class='ocr_line' id='line_1_14' title="bbox 2006 524 2177 552; baseline 0.006 -2"><span class='ocrx_word' id='word_1_76' title='bbox 2006 524 2177 552; x_wconf 58' lang='lat' dir='ltr'><strong>m</strong></span> 
     </span>
    </p>
   </div>
   <div class='ocr_carea' id='block_1_8' title="bbox 1209 423 1410 504">
    <p class='ocr_par' dir='ltr' id='par_1_8' title="bbox 1209 423 1410 504">
     <span class='ocr_line' id='line_1_15' title="bbox 1209 423 1410 504; baseline 0.01 -4"><span class='ocrx_word' id='word_1_77' title='bbox 1209 427 1276 504; x_wconf 84' lang='lat' dir='ltr'><strong>No.</strong></span> <span class='ocrx_word' id='word_1_78' title='bbox 1291 423 1410 504; x_wconf 70' lang='lat' dir='ltr'><strong>‘tosa</strong></span> 
     </span>
    </p>
   </div>
   <div class='ocr_carea' id='block_1_9' title="bbox 1198 525 1410 562">
    <p class='ocr_par' dir='ltr' id='par_1_9' title="bbox 1198 525 1410 562">
     <span class='ocr_line' id='line_1_16' title="bbox 1198 525 1410 562; baseline -0.014 -4"><span class='ocrx_word' id='word_1_79' title='bbox 1198 525 1410 562; x_wconf 55' lang='grc' dir='ltr'><strong>Μ</strong></span> 
     </span>
    </p>
   </div>
   <div class='ocr_carea' id='block_1_10' title="bbox 1299 586 1965 710">
    <p class='ocr_par' dir='ltr' id='par_1_10' title="bbox 1299 586 1965 710">
     <span class='ocr_line' id='line_1_17' title="bbox 1299 586 1965 710; baseline -0.008 -25"><span class='ocrx_word' id='word_1_80' title='bbox 1299 643 1302 650; x_wconf 89' lang='grc'><strong><em>·</em></strong></span> <span class='ocrx_word' id='word_1_81' title='bbox 1406 593 1615 704; x_wconf 84' lang='lat' dir='ltr'><strong>(Testim.</strong></span> <span class='ocrx_word' id='word_1_82' title='bbox 1644 586 1701 682; x_wconf 81' lang='lat' dir='ltr'><strong>cie</strong></span> <span class='ocrx_word' id='word_1_83' title='bbox 1732 591 1965 710; x_wconf 73' lang='lat' dir='ltr'><strong>Andron.)</strong></span> 
     </span>
    </p>
   </div>
   <div class='ocr_carea' id='block_1_11' title="bbox 1179 745 2044 830">
    <p class='ocr_par' dir='ltr' id='par_1_11' title="bbox 1179 745 2044 830">
     <span class='ocr_line' id='line_1_18' title="bbox 1179 745 2044 830; baseline 0.003 -24"><span class='ocrx_word' id='word_1_84' title='bbox 1179 793 1184 806; x_wconf 81' lang='grc'><em>,</em></span> <span class='ocrx_word' id='word_1_85' title='bbox 1259 759 1285 830; x_wconf 52' lang='grc' dir='ltr'><strong>ἦ·</strong></span> <span class='ocrx_word' id='word_1_86' title='bbox 1303 759 1339 812; x_wconf 71' lang='lat' dir='ltr'><strong>ds</strong></span> <span class='ocrx_word' id='word_1_87' title='bbox 1355 745 1575 830; x_wconf 74' lang='lat' dir='ltr'><strong>mtegrepbo&#39;lu</strong></span> <span class='ocrx_word' id='word_1_88' title='bbox 1594 745 1661 812; x_wconf 82' lang='lat' dir='ltr'><strong>bibl.</strong></span> <span class='ocrx_word' id='word_1_89' title='bbox 1682 751 1856 824; x_wconf 74' lang='lat' dir='ltr'><strong>Guelphtrb.</strong></span> <span class='ocrx_word' id='word_1_90' title='bbox 1874 745 2017 826; x_wconf 66' lang='lat' dir='ltr'><strong>descripti.</strong></span> <span class='ocrx_word' id='word_1_91' title='bbox 2040 779 2044 796; x_wconf 91' lang='lat'><em>·</em></span> 
     </span>
    </p>
   </div>
   <div class='ocr_carea' id='block_1_12' title="bbox 1191 884 2186 1276">
    <p class='ocr_par' dir='ltr' id='par_1_12' title="bbox 1191 884 2186 992">
     <span class='ocr_line' id='line_1_19' title="bbox 1191 884 2186 992; baseline -0.004 -20"><span class='ocrx_word' id='word_1_92' title='bbox 1191 889 1327 972; x_wconf 79' lang='lat' dir='ltr'><em>Pastor</em></span> <span class='ocrx_word' id='word_1_93' title='bbox 1349 890 1538 967; x_wconf 80' lang='lat' dir='ltr'><em>Ecclesiae</em></span> <span class='ocrx_word' id='word_1_94' title='bbox 1556 887 1636 962; x_wconf 86' lang='lat' dir='ltr'><strong>Dei</strong></span> <span class='ocrx_word' id='word_1_95' title='bbox 1657 891 1696 962; x_wconf 88' lang='lat' dir='ltr'><strong>io</strong></span> <span class='ocrx_word' id='word_1_96' title='bbox 1715 887 1850 992; x_wconf 76' lang='lat' dir='ltr'><strong>oppido</strong></span> <span class='ocrx_word' id='word_1_97' title='bbox 1865 884 2060 967; x_wconf 74' lang='lat' dir='ltr'><strong>Saxom&#39;ae</strong></span> <span class='ocrx_word' id='word_1_98' title='bbox 2086 895 2159 970; x_wconf 86' lang='lat' dir='ltr'><em>W</em></span> <span class='ocrx_word' id='word_1_99' title='bbox 2154 899 2186 968; x_wconf 88' lang='lat' dir='ltr'><strong>i-</strong></span> 
     </span>
    </p>

    <p class='ocr_par' dir='ltr' id='par_1_13' title="bbox 1193 987 2185 1094">
     <span class='ocr_line' id='line_1_20' title="bbox 1193 987 2185 1094; baseline -0.002 -22"><span class='ocrx_word' id='word_1_100' title='bbox 1193 1001 1337 1094; x_wconf 82' lang='lat' dir='ltr'><strong>teberga</strong></span> <span class='ocrx_word' id='word_1_101' title='bbox 1369 1004 1400 1069; x_wconf 84' lang='lat' dir='ltr'><strong>et</strong></span> <span class='ocrx_word' id='word_1_102' title='bbox 1424 987 1555 1068; x_wconf 74' lang='lat' dir='ltr'><strong>coitari</strong></span> <span class='ocrx_word' id='word_1_103' title='bbox 1582 993 1749 1064; x_wconf 82' lang='lat' dir='ltr'><strong>ministri</strong></span> <span class='ocrx_word' id='word_1_104' title='bbox 1769 991 1977 1090; x_wconf 77' lang='lat' dir='ltr'><strong>Evangelii</strong></span> <span class='ocrx_word' id='word_1_105' title='bbox 1998 997 2037 1066; x_wconf 87' lang='lat' dir='ltr'><strong>io</strong></span> <span class='ocrx_word' id='word_1_106' title='bbox 2061 995 2185 1070; x_wconf 76' lang='lat' dir='ltr'><strong>eodem</strong></span> 
     </span>
    </p>

    <p class='ocr_par' dir='ltr' id='par_1_14' title="bbox 1191 1093 2185 1276">
     <span class='ocr_line' id='line_1_21' title="bbox 1191 1093 2185 1268; baseline -0.001 -93"><span class='ocrx_word' id='word_1_107' title='bbox 1191 1098 1363 1174; x_wconf 80' lang='lat' dir='ltr'><strong>Ecclesia</strong></span> <span class='ocrx_word' id='word_1_108' title='bbox 1389 1097 1547 1171; x_wconf 83' lang='lat' dir='ltr'><strong>sulutem</strong></span> <span class='ocrx_word' id='word_1_109' title='bbox 1578 1093 1704 1268; x_wconf 51' lang='grc' dir='ltr'><strong><em>ᾰίῗιίηἰ</em></strong></span> <span class='ocrx_word' id='word_1_110' title='bbox 1735 1095 1905 1167; x_wconf 84' lang='lat' dir='ltr'><strong>omnibus</strong></span> <span class='ocrx_word' id='word_1_111' title='bbox 1939 1095 2085 1170; x_wconf 82' lang='lat' dir='ltr'><strong>lecturis</strong></span> <span class='ocrx_word' id='word_1_112' title='bbox 2113 1097 2185 1174; x_wconf 79' lang='lat' dir='ltr'><strong>hos</strong></span> 
     </span>
     <span class='ocr_line' id='line_1_22' title="bbox 1639 1223 1761 1276; baseline 0 -8"><span class='ocrx_word' id='word_1_113' title='bbox 1639 1223 1761 1276; x_wconf 78' lang='lat' dir='ltr'><strong>teras.</strong></span> 
     </span>
    </p>
   </div>
   <div class='ocr_carea' id='block_1_13' title="bbox 1191 1326 2273 1427">
    <p class='ocr_par' dir='ltr' id='par_1_15' title="bbox 1191 1326 2273 1427">
     <span class='ocr_line' id='line_1_23' title="bbox 1191 1326 2273 1427; baseline -0.004 -16"><span class='ocrx_word' id='word_1_114' title='bbox 1191 1326 1285 1412; x_wconf 90' lang='lat' dir='ltr'><strong>Nou</strong></span> <span class='ocrx_word' id='word_1_115' title='bbox 1307 1338 1377 1408; x_wconf 86' lang='lat' dir='ltr'><strong>alia</strong></span> <span class='ocrx_word' id='word_1_116' title='bbox 1391 1359 1460 1406; x_wconf 79' lang='lat' dir='ltr'><strong>vox</strong></span> <span class='ocrx_word' id='word_1_117' title='bbox 1482 1334 1522 1404; x_wconf 87' lang='lat' dir='ltr'><strong>iu</strong></span> <span class='ocrx_word' id='word_1_118' title='bbox 1545 1334 1643 1404; x_wconf 88' lang='lat' dir='ltr'><strong>coelo</strong></span> <span class='ocrx_word' id='word_1_119' title='bbox 1663 1333 1751 1404; x_wconf 87' lang='lat' dir='ltr'><strong>etin</strong></span> <span class='ocrx_word' id='word_1_120' title='bbox 1776 1348 1866 1404; x_wconf 88' lang='lat' dir='ltr'><strong>terra</strong></span> <span class='ocrx_word' id='word_1_121' title='bbox 1885 1359 2042 1427; x_wconf 90' lang='lat' dir='ltr'><strong>unquam</strong></span> <span class='ocrx_word' id='word_1_122' title='bbox 2057 1341 2185 1408; x_wconf 89' lang='lat' dir='ltr'><strong>arden·</strong></span> <span class='ocrx_word' id='word_1_123' title='bbox 2270 1407 2273 1416; x_wconf 83' lang='grc'>,</span> 
     </span>
    </p>
   </div>
   <div class='ocr_carea' id='block_1_14' title="bbox 148 1361 2185 1530">
    <p class='ocr_par' dir='ltr' id='par_1_16' title="bbox 148 1361 2185 1530">
     <span class='ocr_line' id='line_1_24' title="bbox 148 1361 1159 1458; baseline -0.019 -16"><span class='ocrx_word' id='word_1_124' title='bbox 148 1372 271 1442; x_wconf 90' lang='lat' dir='ltr'><strong>monio</strong></span> <span class='ocrx_word' id='word_1_125' title='bbox 285 1393 322 1440; x_wconf 89' lang='lat' dir='ltr'><strong>sc</strong></span> <span class='ocrx_word' id='word_1_126' title='bbox 339 1365 511 1438; x_wconf 83' lang='lat' dir='ltr'><strong>divinitus</strong></span> <span class='ocrx_word' id='word_1_127' title='bbox 532 1361 705 1458; x_wconf 81' lang='lat' dir='ltr'><strong>patefecit.</strong></span> <span class='ocrx_word' id='word_1_128' title='bbox 1154 1423 1159 1433; x_wconf 83' lang='grc'><em>,</em></span> 
     </span>
     <span class='ocr_line' id='line_1_25' title="bbox 1192 1433 2185 1530; baseline -0.005 -16"><span class='ocrx_word' id='word_1_129' title='bbox 1192 1443 1263 1514; x_wconf 85' lang='lat' dir='ltr'><strong>tior</strong></span> <span class='ocrx_word' id='word_1_130' title='bbox 1285 1440 1405 1512; x_wconf 84' lang='lat' dir='ltr'><strong>audita</strong></span> <span class='ocrx_word' id='word_1_131' title='bbox 1423 1449 1491 1520; x_wconf 87' lang='lat' dir='ltr'><strong>est,</strong></span> <span class='ocrx_word' id='word_1_132' title='bbox 1517 1459 1621 1527; x_wconf 87' lang='lat' dir='ltr'><strong>quam</strong></span> <span class='ocrx_word' id='word_1_133' title='bbox 1644 1435 1798 1526; x_wconf 87' lang='lat' dir='ltr'><strong>precatio</strong></span> <span class='ocrx_word' id='word_1_134' title='bbox 1820 1433 1903 1506; x_wconf 84' lang='lat' dir='ltr'><strong>Filii</strong></span> <span class='ocrx_word' id='word_1_135' title='bbox 1917 1434 1986 1506; x_wconf 89' lang='lat' dir='ltr'><strong>Dei</strong></span> <span class='ocrx_word' id='word_1_136' title='bbox 2012 1439 2050 1508; x_wconf 92' lang='lat' dir='ltr'><strong>in</strong></span> <span class='ocrx_word' id='word_1_137' title='bbox 2073 1463 2185 1530; x_wconf 88' lang='lat' dir='ltr'><strong>agone</strong></span> 
     </span>
    </p>
   </div>
   <div class='ocr_carea' id='block_1_15' title="bbox 152 1533 2256 3978">
    <p class='ocr_par' dir='ltr' id='par_1_17' title="bbox 1193 1533 2185 1634">
     <span class='ocr_line' id='line_1_26' title="bbox 1193 1533 2185 1634; baseline -0.001 -20"><span class='ocrx_word' id='word_1_138' title='bbox 1193 1545 1232 1614; x_wconf 89' lang='lat' dir='ltr'><strong>in</strong></span> <span class='ocrx_word' id='word_1_139' title='bbox 1246 1565 1315 1634; x_wconf 91' lang='lat' dir='ltr'><strong>qua</strong></span> <span class='ocrx_word' id='word_1_140' title='bbox 1329 1541 1417 1632; x_wconf 91' lang='lat' dir='ltr'><strong>petit</strong></span> <span class='ocrx_word' id='word_1_141' title='bbox 1433 1537 1553 1625; x_wconf 78' lang='lat' dir='ltr'><strong>colligi</strong></span> <span class='ocrx_word' id='word_1_142' title='bbox 1574 1549 1608 1608; x_wconf 92' lang='lat' dir='ltr'><strong>et</strong></span> <span class='ocrx_word' id='word_1_143' title='bbox 1628 1537 1760 1607; x_wconf 84' lang='lat' dir='ltr'><strong>servari</strong></span> <span class='ocrx_word' id='word_1_144' title='bbox 1774 1533 1967 1608; x_wconf 76' lang='lat' dir='ltr'><strong>Ecclesiam</strong></span> <span class='ocrx_word' id='word_1_145' title='bbox 1986 1553 2020 1610; x_wconf 90' lang='lat' dir='ltr'><strong>et</strong></span> <span class='ocrx_word' id='word_1_146' title='bbox 2036 1541 2085 1610; x_wconf 85' lang='lat' dir='ltr'><strong>sic</strong></span> <span class='ocrx_word' id='word_1_147' title='bbox 2101 1549 2185 1632; x_wconf 85' lang='lat' dir='ltr'><strong>regi,</strong></span> 
     </span>
    </p>

    <p class='ocr_par' dir='ltr' id='par_1_18' title="bbox 1193 1636 2183 1734">
     <span class='ocr_line' id='line_1_27' title="bbox 1193 1636 2183 1734; baseline -0.001 -16"><span class='ocrx_word' id='word_1_148' title='bbox 1193 1660 1234 1720; x_wconf 89' lang='lat' dir='ltr'><strong>ut</strong></span> <span class='ocrx_word' id='word_1_149' title='bbox 1256 1665 1370 1713; x_wconf 87' lang='lat' dir='ltr'><strong>unmn</strong></span> <span class='ocrx_word' id='word_1_150' title='bbox 1391 1642 1437 1710; x_wconf 90' lang='lat' dir='ltr'><strong>sit</strong></span> <span class='ocrx_word' id='word_1_151' title='bbox 1458 1640 1496 1708; x_wconf 91' lang='lat' dir='ltr'><strong>iu</strong></span> <span class='ocrx_word' id='word_1_152' title='bbox 1518 1636 1609 1708; x_wconf 84' lang='lat' dir='ltr'><strong>Deo.</strong></span> <span class='ocrx_word' id='word_1_153' title='bbox 1662 1636 1761 1708; x_wconf 86' lang='lat' dir='ltr'><strong>Idem</strong></span> <span class='ocrx_word' id='word_1_154' title='bbox 1784 1639 1868 1708; x_wconf 89' lang='lat' dir='ltr'><strong>inde</strong></span> <span class='ocrx_word' id='word_1_155' title='bbox 1885 1663 1997 1734; x_wconf 88' lang='lat' dir='ltr'><strong>usque</strong></span> <span class='ocrx_word' id='word_1_156' title='bbox 2012 1643 2058 1712; x_wconf 87' lang='lat' dir='ltr'><strong>ab</strong></span> <span class='ocrx_word' id='word_1_157' title='bbox 2078 1645 2183 1718; x_wconf 88' lang='lat' dir='ltr'><strong>initio</strong></span> 
     </span>
    </p>

    <p class='ocr_par' dir='ltr' id='par_1_19' title="bbox 1120 1739 2256 3254">
     <span class='ocr_line' id='line_1_28' title="bbox 1193 1739 2185 1837; baseline 0.002 -22"><span class='ocrx_word' id='word_1_158' title='bbox 1193 1746 1332 1837; x_wconf 86' lang='lat' dir='ltr'><strong>generis</strong></span> <span class='ocrx_word' id='word_1_159' title='bbox 1346 1740 1512 1826; x_wconf 90' lang='lat' dir='ltr'><strong>humaui,</strong></span> <span class='ocrx_word' id='word_1_160' title='bbox 1538 1739 1706 1809; x_wconf 87' lang='lat' dir='ltr'><strong>omnibus</strong></span> <span class='ocrx_word' id='word_1_161' title='bbox 1728 1741 1948 1831; x_wconf 77' lang='lat' dir='ltr'><strong>temporibus</strong></span> <span class='ocrx_word' id='word_1_162' title='bbox 1966 1743 2079 1816; x_wconf 86' lang='lat' dir='ltr'><strong>donec</strong></span> <span class='ocrx_word' id='word_1_163' title='bbox 2100 1750 2185 1817; x_wconf 90' lang='lat' dir='ltr'><strong>uni-</strong></span> 
     </span>
     <span class='ocr_line' id='line_1_29' title="bbox 1120 1843 2183 1935; baseline 0.001 -21"><span class='ocrx_word' id='word_1_164' title='bbox 1120 1871 1130 1894; x_wconf 90' lang='lat'><strong>·</strong></span> <span class='ocrx_word' id='word_1_165' title='bbox 1194 1869 1295 1916; x_wconf 90' lang='lat' dir='ltr'><strong>versa</strong></span> <span class='ocrx_word' id='word_1_166' title='bbox 1333 1843 1491 1918; x_wconf 81' lang='lat' dir='ltr'><strong>Ecclesia</strong></span> <span class='ocrx_word' id='word_1_167' title='bbox 1531 1866 1572 1914; x_wconf 83' lang='lat' dir='ltr'><strong>en</strong></span> <span class='ocrx_word' id='word_1_168' title='bbox 1609 1855 1724 1912; x_wconf 87' lang='lat' dir='ltr'><strong>morte</strong></span> <span class='ocrx_word' id='word_1_169' title='bbox 1761 1843 2045 1930; x_wconf 82' lang='lat' dir='ltr'><strong>resuscitabitur,</strong></span> <span class='ocrx_word' id='word_1_170' title='bbox 2086 1853 2183 1935; x_wconf 78' lang='lat' dir='ltr'><strong>petit.</strong></span> 
     </span>
     <span class='ocr_line' id='line_1_30' title="bbox 1194 1941 2185 2040; baseline 0.003 -22"><span class='ocrx_word' id='word_1_171' title='bbox 1194 1949 1344 2038; x_wconf 76' lang='lat' dir='ltr'><strong>Propter</strong></span> <span class='ocrx_word' id='word_1_172' title='bbox 1377 1941 1470 2014; x_wconf 85' lang='lat' dir='ltr'><strong>hanc</strong></span> <span class='ocrx_word' id='word_1_173' title='bbox 1503 1942 1588 2014; x_wconf 81' lang='lat' dir='ltr'><strong>Filii</strong></span> <span class='ocrx_word' id='word_1_174' title='bbox 1623 1942 1881 2033; x_wconf 76' lang='lat' dir='ltr'><strong>precationem,</strong></span> <span class='ocrx_word' id='word_1_175' title='bbox 1930 1969 2010 2016; x_wconf 90' lang='lat' dir='ltr'><strong>cum</strong></span> <span class='ocrx_word' id='word_1_176' title='bbox 2044 1950 2185 2040; x_wconf 85' lang='lat' dir='ltr'><strong>colligat</strong></span> 
     </span>
     <span class='ocr_line' id='line_1_31' title="bbox 1194 2045 2184 2140; baseline -0.002 -18"><span class='ocrx_word' id='word_1_177' title='bbox 1194 2053 1293 2123; x_wconf 82' lang='lat' dir='ltr'><strong>Deus</strong></span> <span class='ocrx_word' id='word_1_178' title='bbox 1306 2045 1501 2118; x_wconf 84' lang='lat' dir='ltr'><strong>Ecclesiam</strong></span> <span class='ocrx_word' id='word_1_179' title='bbox 1522 2045 1617 2114; x_wconf 91' lang='lat' dir='ltr'><strong>inter</strong></span> <span class='ocrx_word' id='word_1_180' title='bbox 1639 2065 1704 2112; x_wconf 91' lang='lat' dir='ltr'><strong>uos</strong></span> <span class='ocrx_word' id='word_1_181' title='bbox 1729 2067 1871 2138; x_wconf 87' lang='lat' dir='ltr'><strong>quoque</strong></span> <span class='ocrx_word' id='word_1_182' title='bbox 1895 2047 2024 2134; x_wconf 81' lang='lat' dir='ltr'><strong>gratias</strong></span> <span class='ocrx_word' id='word_1_183' title='bbox 2048 2052 2184 2140; x_wconf 79' lang='lat' dir='ltr'><strong>agimus</strong></span> 
     </span>
     <span class='ocr_line' id='line_1_32' title="bbox 1195 2143 2185 2238; baseline 0.004 -17"><span class='ocrx_word' id='word_1_184' title='bbox 1195 2147 1501 2238; x_wconf 74' lang='lat' dir='ltr'><strong>et&#39;aeteruoPatri</strong></span> <span class='ocrx_word' id='word_1_185' title='bbox 1526 2161 1560 2216; x_wconf 89' lang='lat' dir='ltr'><strong>et</strong></span> <span class='ocrx_word' id='word_1_186' title='bbox 1578 2144 1672 2216; x_wconf 86' lang='lat' dir='ltr'><strong>Filio</strong></span> <span class='ocrx_word' id='word_1_187' title='bbox 1697 2145 1772 2214; x_wconf 88' lang='lat' dir='ltr'><strong>eius</strong></span> <span class='ocrx_word' id='word_1_188' title='bbox 1786 2143 1943 2216; x_wconf 88' lang='lat' dir='ltr'><strong>Domino</strong></span> <span class='ocrx_word' id='word_1_189' title='bbox 1967 2166 2087 2222; x_wconf 89' lang='lat' dir='ltr'><strong>nostro</strong></span> <span class='ocrx_word' id='word_1_190' title='bbox 2105 2151 2185 2225; x_wconf 89' lang='lat' dir='ltr'><strong>lesu</strong></span> 
     </span>
     <span class='ocr_line' id='line_1_33' title="bbox 1195 2240 2185 2340; baseline -0.002 -14"><span class='ocrx_word' id='word_1_191' title='bbox 1195 2249 1337 2326; x_wconf 89' lang='lat' dir='ltr'><strong>Christo</strong></span> <span class='ocrx_word' id='word_1_192' title='bbox 1359 2265 1395 2320; x_wconf 88' lang='lat' dir='ltr'><strong>et</strong></span> <span class='ocrx_word' id='word_1_193' title='bbox 1418 2247 1570 2340; x_wconf 87' lang='lat' dir='ltr'><strong>Spiritui</strong></span> <span class='ocrx_word' id='word_1_194' title='bbox 1593 2240 1724 2318; x_wconf 84' lang='lat' dir='ltr'><strong>Sancto</strong></span> <span class='ocrx_word' id='word_1_195' title='bbox 1745 2259 1780 2316; x_wconf 90' lang='lat' dir='ltr'><strong>et</strong></span> <span class='ocrx_word' id='word_1_196' title='bbox 1800 2249 1952 2334; x_wconf 81' lang='lat' dir='ltr'><strong>gemitus</strong></span> <span class='ocrx_word' id='word_1_197' title='bbox 1978 2267 2118 2322; x_wconf 86' lang='lat' dir='ltr'><strong>nostros</strong></span> <span class='ocrx_word' id='word_1_198' title='bbox 2139 2259 2185 2324; x_wconf 89' lang='lat' dir='ltr'><strong>ad</strong></span> 
     </span>
     <span class='ocr_line' id='line_1_34' title="bbox 1195 2343 2184 2445; baseline -0.002 -17"><span class='ocrx_word' id='word_1_199' title='bbox 1195 2355 1324 2428; x_wconf 83' lang='lat' dir='ltr'><strong>summi</strong></span> <span class='ocrx_word' id='word_1_200' title='bbox 1340 2348 1541 2426; x_wconf 81' lang='lat' dir='ltr'><strong>Sacerdotis</strong></span> <span class='ocrx_word' id='word_1_201' title='bbox 1563 2348 1674 2418; x_wconf 87' lang='lat' dir='ltr'><strong>nostri</strong></span> <span class='ocrx_word' id='word_1_202' title='bbox 1691 2343 1839 2418; x_wconf 89' lang='lat' dir='ltr'><strong>Domini</strong></span> <span class='ocrx_word' id='word_1_203' title='bbox 1855 2347 1934 2420; x_wconf 83' lang='lat' dir='ltr'><strong>lesu</strong></span> <span class='ocrx_word' id='word_1_204' title='bbox 1950 2347 2083 2423; x_wconf 88' lang='lat' dir='ltr'><strong>Christi</strong></span> <span class='ocrx_word' id='word_1_205' title='bbox 2104 2379 2184 2445; x_wconf 91' lang='lat' dir='ltr'><strong>pre-</strong></span> 
     </span>
     <span class='ocr_line' id='line_1_35' title="bbox 1195 2451 2186 2544; baseline -0.002 -14"><span class='ocrx_word' id='word_1_206' title='bbox 1195 2457 1368 2536; x_wconf 89' lang='lat' dir='ltr'><strong>cationem</strong></span> <span class='ocrx_word' id='word_1_207' title='bbox 1392 2452 1618 2541; x_wconf 86' lang='lat' dir='ltr'><strong>adiungimus</strong></span> <span class='ocrx_word' id='word_1_208' title='bbox 1631 2463 1667 2520; x_wconf 91' lang='lat' dir='ltr'><strong>et</strong></span> <span class='ocrx_word' id='word_1_209' title='bbox 1684 2451 1854 2541; x_wconf 79' lang='lat' dir='ltr'><strong>petimus5</strong></span> <span class='ocrx_word' id='word_1_210' title='bbox 1887 2465 1926 2522; x_wconf 92' lang='lat' dir='ltr'><strong>ut</strong></span> <span class='ocrx_word' id='word_1_211' title='bbox 1943 2475 2080 2544; x_wconf 88' lang='lat' dir='ltr'><strong>semper</strong></span> <span class='ocrx_word' id='word_1_212' title='bbox 2093 2458 2186 2528; x_wconf 91' lang='lat' dir='ltr'><strong>inter</strong></span> 
     </span>
     <span class='ocr_line' id='line_1_36' title="bbox 1196 2549 2184 2650; baseline 0 -22"><span class='ocrx_word' id='word_1_213' title='bbox 1196 2583 1261 2628; x_wconf 89' lang='lat' dir='ltr'><strong>nos</strong></span> <span class='ocrx_word' id='word_1_214' title='bbox 1278 2580 1418 2650; x_wconf 89' lang='lat' dir='ltr'><strong>quoque</strong></span> <span class='ocrx_word' id='word_1_215' title='bbox 1435 2555 1622 2643; x_wconf 86' lang='lat' dir='ltr'><strong>colligatur</strong></span> <span class='ocrx_word' id='word_1_216' title='bbox 1636 2566 1777 2623; x_wconf 86' lang='lat' dir='ltr'><strong>aeterna</strong></span> <span class='ocrx_word' id='word_1_217' title='bbox 1794 2549 1969 2636; x_wconf 86' lang='lat' dir='ltr'><strong>Ecclesia,</strong></span> <span class='ocrx_word' id='word_1_218' title='bbox 1992 2560 2184 2648; x_wconf 90' lang='lat' dir='ltr'><strong>quodcum</strong></span> 
     </span>
     <span class='ocr_line' id='line_1_37' title="bbox 1196 2653 2184 2750; baseline -0.001 -20"><span class='ocrx_word' id='word_1_219' title='bbox 1196 2662 1255 2730; x_wconf 88' lang='lat' dir='ltr'><strong>fiat</strong></span> <span class='ocrx_word' id='word_1_220' title='bbox 1278 2683 1364 2728; x_wconf 84' lang='lat' dir='ltr'><strong>voce</strong></span> <span class='ocrx_word' id='word_1_221' title='bbox 1385 2655 1573 2744; x_wconf 78' lang='lat' dir='ltr'><strong>Evangelii</strong></span> <span class='ocrx_word' id='word_1_222' title='bbox 1593 2669 1627 2726; x_wconf 88' lang='lat' dir='ltr'><strong>et</strong></span> <span class='ocrx_word' id='word_1_223' title='bbox 1652 2673 1727 2724; x_wconf 91' lang='lat' dir='ltr'><strong>non</strong></span> <span class='ocrx_word' id='word_1_224' title='bbox 1751 2653 1871 2740; x_wconf 90' lang='lat' dir='ltr'><strong>aliter,</strong></span> <span class='ocrx_word' id='word_1_225' title='bbox 1903 2655 1993 2725; x_wconf 91' lang='lat' dir='ltr'><strong>sicot</strong></span> <span class='ocrx_word' id='word_1_226' title='bbox 2015 2659 2184 2750; x_wconf 87' lang='lat' dir='ltr'><strong>scriptum</strong></span> 
     </span>
     <span class='ocr_line' id='line_1_38' title="bbox 1197 2750 2185 2848; baseline 0.001 -17"><span class='ocrx_word' id='word_1_227' title='bbox 1197 2775 1263 2831; x_wconf 91' lang='lat' dir='ltr'><strong>est:</strong></span> <span class='ocrx_word' id='word_1_228' title='bbox 1288 2757 1521 2848; x_wconf 87' lang='lat' dir='ltr'><strong>Evangelium</strong></span> <span class='ocrx_word' id='word_1_229' title='bbox 1537 2768 1588 2826; x_wconf 91' lang='lat' dir='ltr'><strong>est</strong></span> <span class='ocrx_word' id='word_1_230' title='bbox 1603 2755 1759 2847; x_wconf 86' lang='lat' dir='ltr'><strong>potentia</strong></span> <span class='ocrx_word' id='word_1_231' title='bbox 1774 2750 1842 2824; x_wconf 88' lang='lat' dir='ltr'><strong>Dei</strong></span> <span class='ocrx_word' id='word_1_232' title='bbox 1857 2757 1900 2824; x_wconf 86' lang='lat' dir='ltr'><strong>ad</strong></span> <span class='ocrx_word' id='word_1_233' title='bbox 1918 2757 2066 2827; x_wconf 88' lang='lat' dir='ltr'><strong>salutem</strong></span> <span class='ocrx_word' id='word_1_234' title='bbox 2084 2763 2185 2832; x_wconf 89' lang='lat' dir='ltr'><strong>omni</strong></span> 
     </span>
     <span class='ocr_line' id='line_1_39' title="bbox 1196 2855 2184 2946; baseline 0.001 -15"><span class='ocrx_word' id='word_1_235' title='bbox 1196 2861 1371 2938; x_wconf 90' lang='lat' dir='ltr'><strong>credenti,</strong></span> <span class='ocrx_word' id='word_1_236' title='bbox 1403 2860 1479 2928; x_wconf 89' lang='lat' dir='ltr'><strong>vult</strong></span> <span class='ocrx_word' id='word_1_237' title='bbox 1501 2855 1598 2946; x_wconf 86' lang='lat' dir='ltr'><strong>Deus</strong></span> <span class='ocrx_word' id='word_1_238' title='bbox 1623 2855 1704 2944; x_wconf 86' lang='lat' dir='ltr'><strong>eligi</strong></span> <span class='ocrx_word' id='word_1_239' title='bbox 1738 2857 1885 2924; x_wconf 89' lang='lat' dir='ltr'><strong>idoneos</strong></span> <span class='ocrx_word' id='word_1_240' title='bbox 1913 2859 1957 2925; x_wconf 91' lang='lat' dir='ltr'><strong>ad</strong></span> <span class='ocrx_word' id='word_1_241' title='bbox 1985 2861 2184 2932; x_wconf 89' lang='lat' dir='ltr'><strong>docendum</strong></span> 
     </span>
     <span class='ocr_line' id='line_1_40' title="bbox 1196 2951 2256 3050; baseline 0.002 -20"><span class='ocrx_word' id='word_1_242' title='bbox 1196 2960 1467 3050; x_wconf 82' lang='lat' dir='ltr'><strong>Evangelium.&#39;-</strong></span> <span class='ocrx_word' id='word_1_243' title='bbox 1491 2957 1681 3028; x_wconf 82' lang='lat' dir='ltr'><strong>Testamur</strong></span> <span class='ocrx_word' id='word_1_244' title='bbox 1696 2955 1804 3045; x_wconf 87' lang='lat' dir='ltr'><strong>igitur</strong></span> <span class='ocrx_word' id='word_1_245' title='bbox 1826 2951 1922 3025; x_wconf 86' lang='lat' dir='ltr'><strong>hune</strong></span> <span class='ocrx_word' id='word_1_246' title='bbox 1945 2951 2130 3030; x_wconf 87' lang='lat' dir='ltr'><strong>honestum</strong></span> <span class='ocrx_word' id='word_1_247' title='bbox 2151 2979 2186 3034; x_wconf 91' lang='lat' dir='ltr'><strong>et</strong></span> <span class='ocrx_word' id='word_1_248' title='bbox 2253 3029 2256 3036; x_wconf 86' lang='grc'><strong>,</strong></span> 
     </span>
     <span class='ocr_line' id='line_1_41' title="bbox 1196 3051 2183 3143; baseline -0.003 -7"><span class='ocrx_word' id='word_1_249' title='bbox 1196 3065 1374 3136; x_wconf 89' lang='lat' dir='ltr'><strong>eruditum</strong></span> <span class='ocrx_word' id='word_1_250' title='bbox 1386 3061 1503 3128; x_wconf 88' lang='lat' dir='ltr'><strong>virum</strong></span> <span class='ocrx_word' id='word_1_251' title='bbox 1532 3109 1553 3143; x_wconf 88' lang='lat'>„</span> <span class='ocrx_word' id='word_1_252' title='bbox 1564 3051 1750 3124; x_wconf 79' lang='lat' dir='ltr'><strong>Andream</strong></span> <span class='ocrx_word' id='word_1_253' title='bbox 1764 3052 1960 3126; x_wconf 82' lang='lat' dir='ltr'><strong>Zinleism</strong></span> <span class='ocrx_word' id='word_1_254' title='bbox 1976 3055 2183 3143; x_wconf 82' lang='lat' dir='ltr'><strong>Gothanum</strong></span> 
     </span>
     <span class='ocr_line' id='line_1_42' title="bbox 1200 3151 2183 3254; baseline -0.001 -19"><span class='ocrx_word' id='word_1_255' title='bbox 1200 3178 1388 3250; x_wconf 72' lang='lat' dir='ltr'><strong>„comtum</strong></span> <span class='ocrx_word' id='word_1_256' title='bbox 1418 3184 1491 3232; x_wconf 87' lang='lat' dir='ltr'><strong>esse</strong></span> <span class='ocrx_word' id='word_1_257' title='bbox 1521 3162 1566 3230; x_wconf 89' lang='lat' dir='ltr'><strong>ad</strong></span> <span class='ocrx_word' id='word_1_258' title='bbox 1595 3159 1789 3228; x_wconf 89' lang='lat' dir='ltr'><strong>docendam</strong></span> <span class='ocrx_word' id='word_1_259' title='bbox 1814 3151 2005 3228; x_wconf 86' lang='lat' dir='ltr'><strong>Ecclesiam</strong></span> <span class='ocrx_word' id='word_1_260' title='bbox 2035 3161 2072 3230; x_wconf 90' lang='lat' dir='ltr'><strong>in</strong></span> <span class='ocrx_word' id='word_1_261' title='bbox 2096 3187 2183 3254; x_wconf 81' lang='lat' dir='ltr'><strong>pago</strong></span> 
     </span>
    </p>

    <p class='ocr_par' dir='ltr' id='par_1_20' title="bbox 152 3257 2207 3978">
     <span class='ocr_line' id='line_1_43' title="bbox 207 3257 2207 3370; baseline -0.012 -10"><span class='ocrx_word' id='word_1_262' title='bbox 207 3285 289 3360; x_wconf 85' lang='lat' dir='ltr'><strong>Etsi</strong></span> <span class='ocrx_word' id='word_1_263' title='bbox 311 3285 497 3357; x_wconf 82' lang='lat' dir='ltr'><strong>infirmitas</strong></span> <span class='ocrx_word' id='word_1_264' title='bbox 522 3301 649 3370; x_wconf 86' lang='lat' dir='ltr'><strong>magna</strong></span> <span class='ocrx_word' id='word_1_265' title='bbox 672 3287 725 3344; x_wconf 86' lang='lat' dir='ltr'><strong>est</strong></span> <span class='ocrx_word' id='word_1_266' title='bbox 746 3273 785 3342; x_wconf 92' lang='lat' dir='ltr'><strong>iu</strong></span> <span class='ocrx_word' id='word_1_267' title='bbox 806 3265 974 3342; x_wconf 86' lang='lat' dir='ltr'><strong>Ecclesiis</strong></span> <span class='ocrx_word' id='word_1_268' title='bbox 998 3261 1144 3336; x_wconf 87' lang='lat' dir='ltr'><strong>nostris:</strong></span> <span class='ocrx_word' id='word_1_269' title='bbox 1200 3267 1340 3353; x_wconf 85' lang='lat' dir='ltr'><strong>„Smira</strong></span> <span class='ocrx_word' id='word_1_270' title='bbox 1357 3287 1466 3356; x_wconf 90' lang='lat' dir='ltr'><strong>prope</strong></span> <span class='ocrx_word' id='word_1_271' title='bbox 1482 3257 1680 3332; x_wconf 64' lang='lat' dir='ltr'><strong>Ertordiil&#39;</strong></span> <span class='ocrx_word' id='word_1_272' title='bbox 1729 3257 1822 3331; x_wconf 91' lang='lat' dir='ltr'><strong>Cum</strong></span> <span class='ocrx_word' id='word_1_273' title='bbox 1836 3274 1952 3329; x_wconf 91' lang='lat' dir='ltr'><strong>autem</strong></span> <span class='ocrx_word' id='word_1_274' title='bbox 1969 3285 1987 3329; x_wconf 89' lang='lat' dir='ltr'><strong>a</strong></span> <span class='ocrx_word' id='word_1_275' title='bbox 2004 3265 2207 3357; x_wconf 78' lang='lat' dir='ltr'><strong>nobispe-·</strong></span> 
     </span>
     <span class='ocr_line' id='line_1_44' title="bbox 154 3359 2184 3466; baseline -0.013 -5"><span class='ocrx_word' id='word_1_276' title='bbox 154 3409 280 3466; x_wconf 66' lang='lat' dir='ltr'><strong>nmen</strong></span> <span class='ocrx_word' id='word_1_277' title='bbox 294 3389 449 3458; x_wconf 86' lang='lat' dir='ltr'><strong>vidimus</strong></span> <span class='ocrx_word' id='word_1_278' title='bbox 464 3399 499 3456; x_wconf 89' lang='lat' dir='ltr'><strong>et</strong></span> <span class='ocrx_word' id='word_1_279' title='bbox 513 3383 674 3450; x_wconf 88' lang='lat' dir='ltr'><strong>videmus</strong></span> <span class='ocrx_word' id='word_1_280' title='bbox 690 3399 747 3446; x_wconf 89' lang='lat' dir='ltr'><strong>eas</strong></span> <span class='ocrx_word' id='word_1_281' title='bbox 760 3399 780 3444; x_wconf 88' lang='lat' dir='ltr'><strong>a</strong></span> <span class='ocrx_word' id='word_1_282' title='bbox 794 3371 888 3444; x_wconf 83' lang='lat' dir='ltr'><strong>Filio</strong></span> <span class='ocrx_word' id='word_1_283' title='bbox 903 3369 970 3440; x_wconf 88' lang='lat' dir='ltr'><strong>Dei</strong></span> <span class='ocrx_word' id='word_1_284' title='bbox 985 3369 1065 3457; x_wconf 86' lang='lat' dir='ltr'><strong>tegi.</strong></span> <span class='ocrx_word' id='word_1_285' title='bbox 1098 3359 1146 3434; x_wconf 84' lang='lat' dir='ltr'><strong>Et</strong></span> <span class='ocrx_word' id='word_1_286' title='bbox 1197 3370 1302 3441; x_wconf 92' lang='lat' dir='ltr'><strong>titum</strong></span> <span class='ocrx_word' id='word_1_287' title='bbox 1326 3367 1390 3452; x_wconf 86' lang='lat' dir='ltr'><strong>sit,</strong></span> <span class='ocrx_word' id='word_1_288' title='bbox 1414 3379 1456 3436; x_wconf 89' lang='lat' dir='ltr'><strong>ut</strong></span> <span class='ocrx_word' id='word_1_289' title='bbox 1473 3363 1652 3456; x_wconf 82' lang='lat' dir='ltr'><strong>explorata</strong></span> <span class='ocrx_word' id='word_1_290' title='bbox 1668 3359 1743 3430; x_wconf 86' lang='lat' dir='ltr'><strong>eius&#39;</strong></span> <span class='ocrx_word' id='word_1_291' title='bbox 1760 3361 1959 3434; x_wconf 84' lang='lat' dir='ltr'><strong>eruditione</strong></span> <span class='ocrx_word' id='word_1_292' title='bbox 1976 3365 2184 3438; x_wconf 87' lang='lat' dir='ltr'><strong>adderemus</strong></span> 
     </span>
     <span class='ocr_line' id='line_1_45' title="bbox 154 3461 2185 3576; baseline -0.013 -13"><span class='ocrx_word' id='word_1_293' title='bbox 154 3491 255 3568; x_wconf 86' lang='lat' dir='ltr'><strong>bunc</strong></span> <span class='ocrx_word' id='word_1_294' title='bbox 271 3512 431 3576; x_wconf 89' lang='lat' dir='ltr'><strong>oremus,</strong></span> <span class='ocrx_word' id='word_1_295' title='bbox 457 3500 496 3556; x_wconf 92' lang='lat' dir='ltr'><strong>ut</strong></span> <span class='ocrx_word' id='word_1_296' title='bbox 511 3483 676 3572; x_wconf 90' lang='lat' dir='ltr'><strong>deinceps</strong></span> <span class='ocrx_word' id='word_1_297' title='bbox 698 3500 763 3550; x_wconf 84' lang='lat' dir='ltr'><strong>nos</strong></span> <span class='ocrx_word' id='word_1_298' title='bbox 778 3476 951 3567; x_wconf 82' lang='lat' dir='ltr'><strong>gubernet</strong></span> <span class='ocrx_word' id='word_1_299' title='bbox 970 3485 1005 3542; x_wconf 91' lang='lat' dir='ltr'><strong>et</strong></span> <span class='ocrx_word' id='word_1_300' title='bbox 1028 3482 1142 3561; x_wconf 86' lang='lat' dir='ltr'><strong>prote-</strong></span> <span class='ocrx_word' id='word_1_301' title='bbox 1197 3471 1383 3565; x_wconf 91' lang='lat' dir='ltr'><strong>publicum</strong></span> <span class='ocrx_word' id='word_1_302' title='bbox 1404 3469 1513 3538; x_wconf 90' lang='lat' dir='ltr'><strong>ritum</strong></span> <span class='ocrx_word' id='word_1_303' title='bbox 1534 3461 1791 3548; x_wconf 85' lang='lat' dir='ltr'><strong>ordinationis,</strong></span> <span class='ocrx_word' id='word_1_304' title='bbox 1815 3464 2004 3552; x_wconf 84' lang='lat' dir='ltr'><strong>diligenter</strong></span> <span class='ocrx_word' id='word_1_305' title='bbox 2025 3491 2105 3536; x_wconf 88' lang='lat' dir='ltr'><strong>eum</strong></span> <span class='ocrx_word' id='word_1_306' title='bbox 2120 3493 2185 3538; x_wconf 87' lang='lat' dir='ltr'><strong>au-</strong></span> 
     </span>
     <span class='ocr_line' id='line_1_46' title="bbox 152 3565 2186 3688; baseline -0.012 -26"><span class='ocrx_word' id='word_1_307' title='bbox 152 3611 226 3688; x_wconf 73' lang='lat' dir='ltr'><strong>get.</strong></span> <span class='ocrx_word' id='word_1_308' title='bbox 281 3589 492 3667; x_wconf 81' lang='lat' dir='ltr'><strong>Academiae</strong></span> <span class='ocrx_word' id='word_1_309' title='bbox 520 3585 635 3656; x_wconf 86' lang='lat' dir='ltr'><strong>studia</strong></span> <span class='ocrx_word' id='word_1_310' title='bbox 661 3605 702 3650; x_wconf 83' lang='lat' dir='ltr'><strong>ex</strong></span> <span class='ocrx_word' id='word_1_311' title='bbox 729 3573 893 3672; x_wconf 87' lang='lat' dir='ltr'><strong>pagellis,</strong></span> <span class='ocrx_word' id='word_1_312' title='bbox 924 3595 1012 3670; x_wconf 87' lang='lat' dir='ltr'><strong>quas</strong></span> <span class='ocrx_word' id='word_1_313' title='bbox 1035 3571 1148 3650; x_wconf 89' lang='lat' dir='ltr'><strong>mitto,</strong></span> <span class='ocrx_word' id='word_1_314' title='bbox 1198 3573 1372 3655; x_wconf 89' lang='lat' dir='ltr'><strong>divimus,</strong></span> <span class='ocrx_word' id='word_1_315' title='bbox 1400 3583 1435 3642; x_wconf 89' lang='lat' dir='ltr'><strong>et</strong></span> <span class='ocrx_word' id='word_1_316' title='bbox 1459 3565 1694 3657; x_wconf 86' lang='lat' dir='ltr'><strong>comperimus</strong></span> <span class='ocrx_word' id='word_1_317' title='bbox 1718 3589 1798 3634; x_wconf 90' lang='lat' dir='ltr'><strong>eum</strong></span> <span class='ocrx_word' id='word_1_318' title='bbox 1825 3580 1917 3635; x_wconf 90' lang='lat' dir='ltr'><strong>recte</strong></span> <span class='ocrx_word' id='word_1_319' title='bbox 1942 3579 2059 3636; x_wconf 82' lang='lat' dir='ltr'><strong>tenere</strong></span> <span class='ocrx_word' id='word_1_320' title='bbox 2089 3592 2186 3640; x_wconf 87' lang='lat' dir='ltr'><strong>sum-</strong></span> 
     </span>
     <span class='ocr_line' id='line_1_47' title="bbox 152 3664 2186 3788; baseline -0.013 -19"><span class='ocrx_word' id='word_1_321' title='bbox 152 3717 368 3788; x_wconf 86' lang='lat' dir='ltr'><strong>coguoscece</strong></span> <span class='ocrx_word' id='word_1_322' title='bbox 389 3699 506 3784; x_wconf 87' lang='lat' dir='ltr'><strong>potes,&#39;</strong></span> <span class='ocrx_word' id='word_1_323' title='bbox 555 3683 604 3758; x_wconf 89' lang='lat' dir='ltr'><strong>Et</strong></span> <span class='ocrx_word' id='word_1_324' title='bbox 626 3685 734 3754; x_wconf 84' lang='lat' dir='ltr'><strong>scater</strong></span> <span class='ocrx_word' id='word_1_325' title='bbox 758 3683 802 3749; x_wconf 89' lang='lat' dir='ltr'><strong>cle</strong></span> <span class='ocrx_word' id='word_1_326' title='bbox 830 3677 902 3750; x_wconf 87' lang='lat' dir='ltr'><strong>suis</strong></span> <span class='ocrx_word' id='word_1_327' title='bbox 925 3673 1147 3748; x_wconf 88' lang='lat' dir='ltr'><strong>auditoribus</strong></span> <span class='ocrx_word' id='word_1_328' title='bbox 1198 3699 1292 3744; x_wconf 86' lang='lat' dir='ltr'><strong>mam</strong></span> <span class='ocrx_word' id='word_1_329' title='bbox 1316 3672 1498 3741; x_wconf 88' lang='lat' dir='ltr'><strong>doctrinae</strong></span> <span class='ocrx_word' id='word_1_330' title='bbox 1518 3664 1757 3751; x_wconf 87' lang='lat' dir='ltr'><strong>Christianae,</strong></span> <span class='ocrx_word' id='word_1_331' title='bbox 1788 3680 1821 3736; x_wconf 89' lang='lat' dir='ltr'><strong>et</strong></span> <span class='ocrx_word' id='word_1_332' title='bbox 1845 3667 1902 3756; x_wconf 88' lang='lat' dir='ltr'><strong>pie</strong></span> <span class='ocrx_word' id='word_1_333' title='bbox 1928 3684 1961 3738; x_wconf 91' lang='lat' dir='ltr'><strong>et</strong></span> <span class='ocrx_word' id='word_1_334' title='bbox 1985 3683 2186 3743; x_wconf 87' lang='lat' dir='ltr'><strong>constanter</strong></span> 
     </span>
     <span class='ocr_line' id='line_1_48' title="bbox 153 3767 2186 3888; baseline -0.014 -16"><span class='ocrx_word' id='word_1_335' title='bbox 153 3801 309 3878; x_wconf 81' lang='lat' dir='ltr'><strong>scribet,</strong></span> <span class='ocrx_word' id='word_1_336' title='bbox 343 3817 431 3888; x_wconf 89' lang='lat' dir='ltr'><strong>quos</strong></span> <span class='ocrx_word' id='word_1_337' title='bbox 454 3787 642 3866; x_wconf 86' lang='lat' dir='ltr'><strong>hortabor,</strong></span> <span class='ocrx_word' id='word_1_338' title='bbox 679 3797 720 3854; x_wconf 93' lang='lat' dir='ltr'><strong>ut</strong></span> <span class='ocrx_word' id='word_1_339' title='bbox 750 3778 822 3852; x_wconf 88' lang='lat' dir='ltr'><strong>sint</strong></span> <span class='ocrx_word' id='word_1_340' title='bbox 845 3801 1016 3850; x_wconf 86' lang='lat' dir='ltr'><strong>memores</strong></span> <span class='ocrx_word' id='word_1_341' title='bbox 1040 3771 1148 3846; x_wconf 78' lang='lat' dir='ltr'><strong>officit</strong></span> <span class='ocrx_word' id='word_1_342' title='bbox 1199 3773 1363 3867; x_wconf 84' lang='lat' dir='ltr'><strong>amplecti</strong></span> <span class='ocrx_word' id='word_1_343' title='bbox 1389 3773 1579 3864; x_wconf 86' lang='lat' dir='ltr'><strong>puritatem</strong></span> <span class='ocrx_word' id='word_1_344' title='bbox 1603 3767 1808 3858; x_wconf 88' lang='lat' dir='ltr'><strong>Evangelii,</strong></span> <span class='ocrx_word' id='word_1_345' title='bbox 1842 3793 1947 3860; x_wconf 91' lang='lat' dir='ltr'><strong>quam</strong></span> <span class='ocrx_word' id='word_1_346' title='bbox 1975 3782 2009 3838; x_wconf 89' lang='lat' dir='ltr'><strong>et</strong></span> <span class='ocrx_word' id='word_1_347' title='bbox 2030 3767 2186 3846; x_wconf 84' lang='lat' dir='ltr'><strong>Ecclesia</strong></span> 
     </span>
     <span class='ocr_line' id='line_1_49' title="bbox 156 3865 2186 3978; baseline -0.014 -4"><span class='ocrx_word' id='word_1_348' title='bbox 156 3901 226 3975; x_wconf 83' lang='lat' dir='ltr'><strong>sui.</strong></span> <span class='ocrx_word' id='word_1_349' title='bbox 265 3893 383 3968; x_wconf 90' lang='lat' dir='ltr'><strong>Mittit</strong></span> <span class='ocrx_word' id='word_1_350' title='bbox 398 3893 561 3964; x_wconf 83' lang='lat' dir='ltr'><strong>etiamad</strong></span> <span class='ocrx_word' id='word_1_351' title='bbox 580 3903 613 3959; x_wconf 89' lang='lat' dir='ltr'><strong>te</strong></span> <span class='ocrx_word' id='word_1_352' title='bbox 629 3888 703 3978; x_wconf 87' lang='lat' dir='ltr'><strong>ipse</strong></span> <span class='ocrx_word' id='word_1_353' title='bbox 719 3883 873 3977; x_wconf 86' lang='lat' dir='ltr'><strong>pagellas</strong></span> <span class='ocrx_word' id='word_1_354' title='bbox 888 3867 1145 3951; x_wconf 86' lang='lat' dir='ltr'><strong>inurbeNuo-</strong></span> <span class='ocrx_word' id='word_1_355' title='bbox 1199 3891 1320 3948; x_wconf 90' lang='lat' dir='ltr'><strong>nostra</strong></span> <span class='ocrx_word' id='word_1_356' title='bbox 1343 3895 1517 3944; x_wconf 52' lang='lat' dir='ltr'><strong>una‘voce</strong></span> <span class='ocrx_word' id='word_1_357' title='bbox 1538 3884 1573 3941; x_wconf 87' lang='lat' dir='ltr'><strong>et</strong></span> <span class='ocrx_word' id='word_1_358' title='bbox 1594 3869 1809 3958; x_wconf 86' lang='lat' dir='ltr'><strong>unospiritu</strong></span> <span class='ocrx_word' id='word_1_359' title='bbox 1829 3894 1908 3936; x_wconf 91' lang='lat' dir='ltr'><strong>cum</strong></span> <span class='ocrx_word' id='word_1_360' title='bbox 1926 3865 2097 3941; x_wconf 89' lang='lat' dir='ltr'><strong>catholica</strong></span> <span class='ocrx_word' id='word_1_361' title='bbox 2115 3873 2186 3945; x_wconf 87' lang='lat' dir='ltr'><strong>Ec-</strong></span> 
     </span>
    </p>
   </div>
   <div class='ocr_carea' id='block_1_16' title="bbox 891 1455 1091 1551">
    <p class='ocr_par' dir='ltr' id='par_1_21' title="bbox 891 1455 1091 1551">
     <span class='ocr_line' id='line_1_50' title="bbox 891 1455 1091 1551; baseline 0.015 -23"><span class='ocrx_word' id='word_1_362' title='bbox 891 1455 1091 1551; x_wconf 85' lang='lat' dir='ltr'><strong>Philippus.</strong></span> 
     </span>
    </p>
   </div>
   <div class='ocr_carea' id='block_1_17' title="bbox 231 2179 966 2426">
    <p class='ocr_par' dir='ltr' id='par_1_22' title="bbox 231 2179 966 2426">
     <span class='ocr_line' id='line_1_51' title="bbox 231 2179 966 2266; baseline -0.022 -15"><span class='ocrx_word' id='word_1_363' title='bbox 231 2195 309 2266; x_wconf 59' lang='lat' dir='ltr'><strong>epa.</strong></span> <span class='ocrx_word' id='word_1_364' title='bbox 320 2195 370 2250; x_wconf 79' lang='lat' dir='ltr'><strong>us.</strong></span> <span class='ocrx_word' id='word_1_365' title='bbox 384 2193 418 2249; x_wconf 93' lang='lat' dir='ltr'><strong>u.</strong></span> <span class='ocrx_word' id='word_1_366' title='bbox 432 2211 459 2263; x_wconf 77' lang='lat' dir='ltr'><strong>p.</strong></span> <span class='ocrx_word' id='word_1_367' title='bbox 472 2191 530 2249; x_wconf 82' lang='lat' dir='ltr'><strong>su.</strong></span> <span class='ocrx_word' id='word_1_368' title='bbox 543 2189 600 2259; x_wconf 76' lang='lat' dir='ltr'><strong>(eo.</strong></span> <span class='ocrx_word' id='word_1_369' title='bbox 614 2187 701 2242; x_wconf 71' lang='lat' dir='ltr'><strong>cana.</strong></span> <span class='ocrx_word' id='word_1_370' title='bbox 714 2186 760 2240; x_wconf 76' lang='grc' dir='ltr'><strong>ιιι.</strong></span> <span class='ocrx_word' id='word_1_371' title='bbox 777 2184 812 2240; x_wconf 90' lang='grc' dir='ltr'><strong>ιι.</strong></span> <span class='ocrx_word' id='word_1_372' title='bbox 828 2200 871 2250; x_wconf 68' lang='grc' dir='ltr'><strong>ῳ.</strong></span> <span class='ocrx_word' id='word_1_373' title='bbox 884 2179 966 2252; x_wconf 63' lang='lat' dir='ltr'><strong>sset</strong></span> 
     </span>
     <span class='ocr_line' id='line_1_52' title="bbox 364 2335 935 2426; baseline -0.026 -4"><span class='ocrx_word' id='word_1_374' title='bbox 364 2347 421 2426; x_wconf 91' lang='lat' dir='ltr'><strong>D.</strong></span> <span class='ocrx_word' id='word_1_375' title='bbox 449 2341 696 2420; x_wconf 76' lang='lat' dir='ltr'><strong>[anthimo</strong></span> <span class='ocrx_word' id='word_1_376' title='bbox 721 2335 935 2412; x_wconf 77' lang='lat' dir='ltr'><strong>Mottero</strong></span> 
     </span>
    </p>
   </div>
   <div class='ocr_carea' id='block_1_18' title="bbox 155 2479 1144 2692">
    <p class='ocr_par' dir='ltr' id='par_1_23' title="bbox 155 2479 1144 2692">
     <span class='ocr_line' id='line_1_53' title="bbox 156 2479 1143 2582; baseline -0.029 0"><span class='ocrx_word' id='word_1_377' title='bbox 156 2493 203 2582; x_wconf 72' lang='lat' dir='ltr'><strong>S.</strong></span> <span class='ocrx_word' id='word_1_378' title='bbox 227 2503 273 2580; x_wconf 89' lang='lat' dir='ltr'><strong>D.</strong></span> <span class='ocrx_word' id='word_1_379' title='bbox 322 2499 526 2573; x_wconf 79' lang='lat' dir='ltr'><strong>Clarissima</strong></span> <span class='ocrx_word' id='word_1_380' title='bbox 543 2497 599 2566; x_wconf 89' lang='lat' dir='ltr'><strong>vir</strong></span> <span class='ocrx_word' id='word_1_381' title='bbox 614 2507 648 2567; x_wconf 87' lang='lat' dir='ltr'><strong>et</strong></span> <span class='ocrx_word' id='word_1_382' title='bbox 664 2489 866 2565; x_wconf 89' lang='lat' dir='ltr'><strong>charissime</strong></span> <span class='ocrx_word' id='word_1_383' title='bbox 881 2489 1006 2570; x_wconf 83' lang='lat' dir='ltr'><strong>irater,</strong></span> <span class='ocrx_word' id='word_1_384' title='bbox 1033 2479 1143 2557; x_wconf 91' lang='lat' dir='ltr'><strong>Sumo</strong></span> 
     </span>
     <span class='ocr_line' id='line_1_54' title="bbox 155 2588 1144 2692; baseline -0.025 -12"><span class='ocrx_word' id='word_1_385' title='bbox 155 2613 247 2680; x_wconf 88' lang='lat' dir='ltr'><strong>idem</strong></span> <span class='ocrx_word' id='word_1_386' title='bbox 272 2603 457 2678; x_wconf 88' lang='lat' dir='ltr'><strong>exordium</strong></span> <span class='ocrx_word' id='word_1_387' title='bbox 483 2599 522 2669; x_wconf 90' lang='lat' dir='ltr'><strong>in</strong></span> <span class='ocrx_word' id='word_1_388' title='bbox 542 2599 709 2692; x_wconf 88' lang='lat' dir='ltr'><strong>epistola,</strong></span> <span class='ocrx_word' id='word_1_389' title='bbox 735 2595 831 2689; x_wconf 85' lang='lat' dir='ltr'><strong>quod</strong></span> <span class='ocrx_word' id='word_1_390' title='bbox 854 2602 905 2661; x_wconf 86' lang='lat' dir='ltr'><strong>est</strong></span> <span class='ocrx_word' id='word_1_391' title='bbox 921 2588 1144 2673; x_wconf 81' lang='lat' dir='ltr'><strong>iuvenibus,</strong></span> 
     </span>
    </p>
   </div>
   <div class='ocr_carea' id='block_1_19' title="bbox 152 2707 1073 3033">
    <p class='ocr_par' dir='ltr' id='par_1_24' title="bbox 152 2707 1073 3033">
     <span class='ocr_line' id='line_1_55' title="bbox 152 2707 458 2808; baseline -0.023 -23"><span class='ocrx_word' id='word_1_392' title='bbox 152 2736 243 2808; x_wconf 85' lang='lat' dir='ltr'><strong>quos</strong></span> <span class='ocrx_word' id='word_1_393' title='bbox 258 2709 326 2780; x_wconf 89' lang='lat' dir='ltr'><strong>tibi</strong></span> <span class='ocrx_word' id='word_1_394' title='bbox 341 2707 458 2778; x_wconf 88' lang='lat' dir='ltr'><strong>mitto.</strong></span> 
     </span>
     <span class='ocr_line' id='line_1_56' title="bbox 253 2843 1007 2932; baseline -0.031 -18"><span class='ocrx_word' id='word_1_395' title='bbox 253 2847 297 2914; x_wconf 88' lang='lat' dir='ltr'><strong>Ut</strong></span> <span class='ocrx_word' id='word_1_396' title='bbox 322 2853 398 2932; x_wconf 86' lang='lat' dir='ltr'><strong>gerit</strong></span> <span class='ocrx_word' id='word_1_397' title='bbox 422 2863 567 2928; x_wconf 85' lang='lat' dir='ltr'><strong>agnorum</strong></span> <span class='ocrx_word' id='word_1_398' title='bbox 592 2843 730 2902; x_wconf 82' lang='lat' dir='ltr'><strong>lactentia</strong></span> <span class='ocrx_word' id='word_1_399' title='bbox 756 2845 882 2919; x_wconf 76' lang='lat' dir='ltr'><strong>corpora</strong></span> <span class='ocrx_word' id='word_1_400' title='bbox 906 2844 1007 2916; x_wconf 87' lang='lat' dir='ltr'><strong>pastor</strong></span> 
     </span>
     <span class='ocr_line' id='line_1_57' title="bbox 306 2936 1073 3033; baseline -0.031 -17"><span class='ocrx_word' id='word_1_401' title='bbox 306 2947 344 3016; x_wconf 88' lang='lat' dir='ltr'><strong>ln</strong></span> <span class='ocrx_word' id='word_1_402' title='bbox 370 2955 501 3033; x_wconf 80' lang='lat' dir='ltr'><strong>gremio,</strong></span> <span class='ocrx_word' id='word_1_403' title='bbox 529 2962 606 3030; x_wconf 81' lang='lat' dir='ltr'><strong>quae</strong></span> <span class='ocrx_word' id='word_1_404' title='bbox 632 2955 703 3004; x_wconf 84' lang='lat' dir='ltr'><strong>rurrt</strong></span> <span class='ocrx_word' id='word_1_405' title='bbox 722 2936 802 3002; x_wconf 80' lang='lat' dir='ltr'><strong>edita</strong></span> <span class='ocrx_word' id='word_1_406' title='bbox 827 2949 928 2998; x_wconf 78' lang='lat' dir='ltr'><strong>ventre</strong></span> <span class='ocrx_word' id='word_1_407' title='bbox 954 2953 1073 2994; x_wconf 83' lang='lat' dir='ltr'><strong>recens:</strong></span> 
     </span>
    </p>
   </div>
   <div class='ocr_carea' id='block_1_20' title="bbox 255 3039 1055 3227">
    <p class='ocr_par' dir='ltr' id='par_1_25' title="bbox 255 3039 1055 3227">
     <span class='ocr_line' id='line_1_58' title="bbox 255 3039 1055 3128; baseline -0.033 -9"><span class='ocrx_word' id='word_1_408' title='bbox 255 3053 309 3120; x_wconf 81' lang='lat' dir='ltr'><strong>Sic</strong></span> <span class='ocrx_word' id='word_1_409' title='bbox 333 3049 418 3114; x_wconf 89' lang='lat' dir='ltr'><strong>Deus</strong></span> <span class='ocrx_word' id='word_1_410' title='bbox 439 3053 493 3113; x_wconf 81' lang='lat' dir='ltr'><strong>has</strong></span> <span class='ocrx_word' id='word_1_411' title='bbox 513 3053 591 3110; x_wconf 88' lang='lat' dir='ltr'><strong>iuter</strong></span> <span class='ocrx_word' id='word_1_412' title='bbox 617 3065 728 3128; x_wconf 83' lang='lat' dir='ltr'><strong>poenes</strong></span> <span class='ocrx_word' id='word_1_413' title='bbox 752 3039 917 3124; x_wconf 85' lang='lat' dir='ltr'><strong>mundique</strong></span> <span class='ocrx_word' id='word_1_414' title='bbox 943 3041 1055 3114; x_wconf 86' lang='lat' dir='ltr'><strong>ruinas,</strong></span> 
     </span>
     <span class='ocr_line' id='line_1_59' title="bbox 308 3139 1006 3227; baseline -0.026 -7"><span class='ocrx_word' id='word_1_415' title='bbox 308 3153 487 3219; x_wconf 84' lang='lat' dir='ltr'><strong>Discentum</strong></span> <span class='ocrx_word' id='word_1_416' title='bbox 513 3163 615 3214; x_wconf 82' lang='lat' dir='ltr'><strong>coetus</strong></span> <span class='ocrx_word' id='word_1_417' title='bbox 641 3147 781 3227; x_wconf 85' lang='lat' dir='ltr'><strong>dogmata</strong></span> <span class='ocrx_word' id='word_1_418' title='bbox 806 3162 887 3203; x_wconf 82' lang='lat' dir='ltr'><strong>secra</strong></span> <span class='ocrx_word' id='word_1_419' title='bbox 911 3139 1006 3202; x_wconf 82' lang='lat' dir='ltr'><strong>foret.</strong></span> 
     </span>
    </p>
   </div>
   <div class='ocr_carea' id='block_1_21' title="bbox 156 3971 2186 4099">
    <p class='ocr_par' dir='ltr' id='par_1_26' title="bbox 156 3971 2186 4099">
     <span class='ocr_line' id='line_1_60' title="bbox 156 3971 2186 4099; baseline -0.014 -26"><span class='ocrx_word' id='word_1_420' title='bbox 156 4025 277 4099; x_wconf 70' lang='lat' dir='ltr'><strong>pyrgo</strong></span> <span class='ocrx_word' id='word_1_421' title='bbox 293 3999 330 4068; x_wconf 88' lang='lat' dir='ltr'><strong>in</strong></span> <span class='ocrx_word' id='word_1_422' title='bbox 353 3997 429 4088; x_wconf 88' lang='lat' dir='ltr'><strong>ripa</strong></span> <span class='ocrx_word' id='word_1_423' title='bbox 447 3987 566 4066; x_wconf 82' lang='lat' dir='ltr'><strong>Soloe</strong></span> <span class='ocrx_word' id='word_1_424' title='bbox 585 3989 750 4080; x_wconf 86' lang='lat' dir='ltr'><strong>scriptas,</strong></span> <span class='ocrx_word' id='word_1_425' title='bbox 775 4009 846 4079; x_wconf 89' lang='lat' dir='ltr'><strong>quo</strong></span> <span class='ocrx_word' id='word_1_426' title='bbox 863 4005 938 4052; x_wconf 91' lang='lat' dir='ltr'><strong>uon</strong></span> <span class='ocrx_word' id='word_1_427' title='bbox 962 3977 1024 4050; x_wconf 90' lang='lat' dir='ltr'><strong>alii</strong></span> <span class='ocrx_word' id='word_1_428' title='bbox 1046 3999 1149 4069; x_wconf 88' lang='lat' dir='ltr'><strong>prae·</strong></span> <span class='ocrx_word' id='word_1_429' title='bbox 1200 3978 1304 4050; x_wconf 88' lang='lat' dir='ltr'><strong>clesia</strong></span> <span class='ocrx_word' id='word_1_430' title='bbox 1318 3971 1452 4046; x_wconf 89' lang='lat' dir='ltr'><strong>Christi</strong></span> <span class='ocrx_word' id='word_1_431' title='bbox 1469 3973 1670 4062; x_wconf 84' lang='lat' dir='ltr'><strong>profitetur,</strong></span> <span class='ocrx_word' id='word_1_432' title='bbox 1692 3993 1732 4039; x_wconf 89' lang='lat' dir='ltr'><strong>ac</strong></span> <span class='ocrx_word' id='word_1_433' title='bbox 1747 3993 1765 4037; x_wconf 87' lang='lat' dir='ltr'><strong>a</strong></span> <span class='ocrx_word' id='word_1_434' title='bbox 1780 3971 1943 4038; x_wconf 87' lang='lat' dir='ltr'><strong>fanaticis</strong></span> <span class='ocrx_word' id='word_1_435' title='bbox 1956 3973 2186 4060; x_wconf 87' lang='lat' dir='ltr'><strong>opinionibus</strong></span> 
     </span>
    </p>
   </div>
   <div class='ocr_carea' id='block_1_22' title="bbox 156 4065 2199 5294">
    <p class='ocr_par' dir='ltr' id='par_1_27' title="bbox 156 4065 2196 4979">
     <span class='ocr_line' id='line_1_61' title="bbox 159 4065 2186 4176; baseline -0.019 1"><span class='ocrx_word' id='word_1_436' title='bbox 159 4121 214 4176; x_wconf 85' lang='lat' dir='ltr'><strong>ter</strong></span> <span class='ocrx_word' id='word_1_437' title='bbox 243 4097 444 4172; x_wconf 78' lang='lat' dir='ltr'><strong>ttesstaeos</strong></span> <span class='ocrx_word' id='word_1_438' title='bbox 478 4109 514 4168; x_wconf 90' lang='lat' dir='ltr'><strong>et</strong></span> <span class='ocrx_word' id='word_1_439' title='bbox 545 4081 751 4163; x_wconf 80' lang='lat' dir='ltr'><strong>Sledaaom</strong></span> <span class='ocrx_word' id='word_1_440' title='bbox 784 4087 829 4156; x_wconf 88' lang='lat' dir='ltr'><strong>ad</strong></span> <span class='ocrx_word' id='word_1_441' title='bbox 865 4105 931 4152; x_wconf 90' lang='lat' dir='ltr'><strong>nos</strong></span> <span class='ocrx_word' id='word_1_442' title='bbox 964 4089 1148 4148; x_wconf 83' lang='lat' dir='ltr'><strong>venerunt.</strong></span> <span class='ocrx_word' id='word_1_443' title='bbox 1201 4075 1376 4150; x_wconf 90' lang='lat' dir='ltr'><strong>damnatis</strong></span> <span class='ocrx_word' id='word_1_444' title='bbox 1399 4074 1532 4142; x_wconf 90' lang='lat' dir='ltr'><strong>iudicio</strong></span> <span class='ocrx_word' id='word_1_445' title='bbox 1552 4065 1746 4141; x_wconf 88' lang='lat' dir='ltr'><strong>catholicae</strong></span> <span class='ocrx_word' id='word_1_446' title='bbox 1766 4067 1944 4142; x_wconf 85' lang='lat' dir='ltr'><strong>Ecclesiae</strong></span> <span class='ocrx_word' id='word_1_447' title='bbox 1966 4069 2100 4142; x_wconf 86' lang='lat' dir='ltr'><strong>Christi</strong></span> <span class='ocrx_word' id='word_1_448' title='bbox 2122 4079 2186 4146; x_wconf 89' lang='lat' dir='ltr'><strong>ab.</strong></span> 
     </span>
     <span class='ocr_line' id='line_1_62' title="bbox 164 4165 2188 4294; baseline -0.029 2"><span class='ocrx_word' id='word_1_449' title='bbox 164 4203 254 4274; x_wconf 69' lang='lat' dir='ltr'><strong>Cum</strong></span> <span class='ocrx_word' id='word_1_450' title='bbox 284 4202 432 4294; x_wconf 60' lang='lat' dir='ltr'><strong>legeris,</strong></span> <span class='ocrx_word' id='word_1_451' title='bbox 475 4196 670 4288; x_wconf 67' lang='lat' dir='ltr'><strong>tlgsslfiffllo</strong></span> <span class='ocrx_word' id='word_1_452' title='bbox 703 4181 795 4260; x_wconf 67' lang='lat' dir='ltr'><strong>mihi</strong></span> <span class='ocrx_word' id='word_1_453' title='bbox 833 4181 1006 4254; x_wconf 67' lang='lat' dir='ltr'><strong>iudicium</strong></span> <span class='ocrx_word' id='word_1_454' title='bbox 1038 4191 1150 4248; x_wconf 76' lang='lat' dir='ltr'><strong>tuum·</strong></span> <span class='ocrx_word' id='word_1_455' title='bbox 1201 4176 1358 4250; x_wconf 85' lang='lat' dir='ltr'><strong>hortere.</strong></span> <span class='ocrx_word' id='word_1_456' title='bbox 1390 4173 1559 4244; x_wconf 89' lang='lat' dir='ltr'><strong>Promisit</strong></span> <span class='ocrx_word' id='word_1_457' title='bbox 1575 4172 1678 4241; x_wconf 90' lang='lat' dir='ltr'><strong>etiam</strong></span> <span class='ocrx_word' id='word_1_458' title='bbox 1698 4167 1755 4240; x_wconf 91' lang='lat' dir='ltr'><strong>hic</strong></span> <span class='ocrx_word' id='word_1_459' title='bbox 1771 4165 2188 4254; x_wconf 80' lang='lat' dir='ltr'><strong>„AndreasGotltanos”</strong></span> 
     </span>
     <span class='ocr_line' id='line_1_63' title="bbox 171 4269 2187 4394; baseline -0.026 2"><span class='ocrx_word' id='word_1_460' title='bbox 171 4286 965 4394; x_wconf 50' lang='grc' dir='ltr'><strong>110ῑωῖοιὓῦἷθῑβῡῦθῑθῐῠθὸῐλῐΰῐῐὶῐοη·</strong></span> <span class='ocrx_word' id='word_1_461' title='bbox 1014 4269 1152 4350; x_wconf 66' lang='lat' dir='ltr'><strong>Land-</strong></span> <span class='ocrx_word' id='word_1_462' title='bbox 1202 4283 1240 4350; x_wconf 91' lang='lat' dir='ltr'><strong>iu</strong></span> <span class='ocrx_word' id='word_1_463' title='bbox 1256 4277 1415 4348; x_wconf 87' lang='lat' dir='ltr'><strong>doctriua</strong></span> <span class='ocrx_word' id='word_1_464' title='bbox 1432 4273 1664 4344; x_wconf 89' lang='lat' dir='ltr'><strong>constantiam</strong></span> <span class='ocrx_word' id='word_1_465' title='bbox 1681 4287 1713 4344; x_wconf 89' lang='lat' dir='ltr'><strong>et</strong></span> <span class='ocrx_word' id='word_1_466' title='bbox 1728 4273 1767 4341; x_wconf 92' lang='lat' dir='ltr'><strong>in</strong></span> <span class='ocrx_word' id='word_1_467' title='bbox 1781 4275 1897 4342; x_wconf 86' lang='lat' dir='ltr'><strong>officio</strong></span> <span class='ocrx_word' id='word_1_468' title='bbox 1918 4275 2022 4342; x_wconf 87' lang='lat' dir='ltr'><strong>fidem</strong></span> <span class='ocrx_word' id='word_1_469' title='bbox 2045 4287 2078 4343; x_wconf 87' lang='lat' dir='ltr'><strong>et</strong></span> <span class='ocrx_word' id='word_1_470' title='bbox 2103 4277 2187 4345; x_wconf 87' lang='lat' dir='ltr'><strong>dili-</strong></span> 
     </span>
     <span class='ocr_line' id='line_1_64' title="bbox 164 4370 2186 4502; baseline -0.016 -26"><span class='ocrx_word' id='word_1_471' title='bbox 164 4405 317 4502; x_wconf 75' lang='lat' dir='ltr'><strong>gracias</strong></span> <span class='ocrx_word' id='word_1_472' title='bbox 334 4401 515 4472; x_wconf 86' lang='lat' dir='ltr'><strong>mandavit</strong></span> <span class='ocrx_word' id='word_1_473' title='bbox 532 4395 624 4481; x_wconf 87' lang='lat' dir='ltr'><strong>suis,</strong></span> <span class='ocrx_word' id='word_1_474' title='bbox 649 4408 691 4466; x_wconf 87' lang='lat' dir='ltr'><strong>ut</strong></span> <span class='ocrx_word' id='word_1_475' title='bbox 713 4393 741 4464; x_wconf 84' lang='lat' dir='ltr'><strong>si</strong></span> <span class='ocrx_word' id='word_1_476' title='bbox 758 4411 828 4486; x_wconf 83' lang='lat' dir='ltr'><strong>qua</strong></span> <span class='ocrx_word' id='word_1_477' title='bbox 848 4383 1016 4474; x_wconf 82' lang='lat' dir='ltr'><strong>dissentio</strong></span> <span class='ocrx_word' id='word_1_478' title='bbox 1040 4381 1153 4454; x_wconf 87' lang='lat' dir='ltr'><strong>orire·</strong></span> <span class='ocrx_word' id='word_1_479' title='bbox 1204 4379 1368 4473; x_wconf 84' lang='lat' dir='ltr'><strong>gentiam.</strong></span> <span class='ocrx_word' id='word_1_480' title='bbox 1420 4375 1539 4464; x_wconf 88' lang='lat' dir='ltr'><strong>Quare</strong></span> <span class='ocrx_word' id='word_1_481' title='bbox 1561 4375 1592 4442; x_wconf 91' lang='lat' dir='ltr'><strong>ei</strong></span> <span class='ocrx_word' id='word_1_482' title='bbox 1616 4373 1710 4443; x_wconf 82' lang='lat' dir='ltr'><strong>iuxta</strong></span> <span class='ocrx_word' id='word_1_483' title='bbox 1733 4375 1929 4442; x_wconf 90' lang='lat' dir='ltr'><strong>doctrinam</strong></span> <span class='ocrx_word' id='word_1_484' title='bbox 1949 4370 2186 4463; x_wconf 81' lang='lat' dir='ltr'><strong>Apostolicam</strong></span> 
     </span>
     <span class='ocr_line' id='line_1_65' title="bbox 162 4473 2188 4602; baseline -0.021 -15"><span class='ocrx_word' id='word_1_485' title='bbox 162 4523 224 4580; x_wconf 81' lang='lat' dir='ltr'><strong>tur</strong></span> <span class='ocrx_word' id='word_1_486' title='bbox 242 4499 464 4602; x_wconf 72' lang='lat' dir='ltr'><strong>Noctpyrgi,</strong></span> <span class='ocrx_word' id='word_1_487' title='bbox 489 4501 574 4596; x_wconf 89' lang='lat' dir='ltr'><strong>quia</strong></span> <span class='ocrx_word' id='word_1_488' title='bbox 597 4495 764 4582; x_wconf 88' lang='lat' dir='ltr'><strong>nesciret,</strong></span> <span class='ocrx_word' id='word_1_489' title='bbox 815 4490 853 4560; x_wconf 89' lang='lat' dir='ltr'><strong>ui</strong></span> <span class='ocrx_word' id='word_1_490' title='bbox 874 4512 914 4558; x_wconf 93' lang='lat' dir='ltr'><strong>eo</strong></span> <span class='ocrx_word' id='word_1_491' title='bbox 934 4483 1078 4554; x_wconf 86' lang='lat' dir='ltr'><strong>venturi</strong></span> <span class='ocrx_word' id='word_1_492' title='bbox 1099 4503 1151 4550; x_wconf 86' lang='lat' dir='ltr'><strong>cs-</strong></span> <span class='ocrx_word' id='word_1_493' title='bbox 1204 4481 1348 4576; x_wconf 89' lang='lat' dir='ltr'><strong>publico</strong></span> <span class='ocrx_word' id='word_1_494' title='bbox 1365 4479 1436 4548; x_wconf 91' lang='lat' dir='ltr'><strong>ritu</strong></span> <span class='ocrx_word' id='word_1_495' title='bbox 1453 4473 1563 4567; x_wconf 72' lang='lat' dir='ltr'><strong>et&#39;pio</strong></span> <span class='ocrx_word' id='word_1_496' title='bbox 1585 4476 1869 4546; x_wconf 83' lang='lat' dir='ltr'><strong>commendatum</strong></span> <span class='ocrx_word' id='word_1_497' title='bbox 1885 4487 1937 4544; x_wconf 86' lang='lat' dir='ltr'><strong>est</strong></span> <span class='ocrx_word' id='word_1_498' title='bbox 1953 4475 2188 4549; x_wconf 87' lang='lat' dir='ltr'><strong>ministerium</strong></span> 
     </span>
     <span class='ocr_line' id='line_1_66' title="bbox 156 4517 2191 4696; baseline -0.024 -10"><span class='ocrx_word' id='word_1_499' title='bbox 156 4627 266 4696; x_wconf 76' lang='lat' dir='ltr'><strong>sent,</strong></span> <span class='ocrx_word' id='word_1_500' title='bbox 302 4605 635 4694; x_wconf 81' lang='lat' dir='ltr'><strong>uou.seiungcrent</strong></span> <span class='ocrx_word' id='word_1_501' title='bbox 668 4620 704 4669; x_wconf 90' lang='lat' dir='ltr'><strong>se</strong></span> <span class='ocrx_word' id='word_1_502' title='bbox 732 4619 752 4666; x_wconf 87' lang='lat' dir='ltr'><strong>a</strong></span> <span class='ocrx_word' id='word_1_503' title='bbox 787 4517 989 4664; x_wconf 65' lang='lat' dir='ltr'><strong>onooicis</strong></span> <span class='ocrx_word' id='word_1_504' title='bbox 1019 4581 1154 4674; x_wconf 86' lang='lat' dir='ltr'><strong>legatis.</strong></span> <span class='ocrx_word' id='word_1_505' title='bbox 1207 4581 1359 4654; x_wconf 90' lang='lat' dir='ltr'><strong>docendi</strong></span> <span class='ocrx_word' id='word_1_506' title='bbox 1386 4577 1571 4670; x_wconf 86' lang='lat' dir='ltr'><strong>Evangelii</strong></span> <span class='ocrx_word' id='word_1_507' title='bbox 1603 4589 1637 4650; x_wconf 90' lang='lat' dir='ltr'><strong>et</strong></span> <span class='ocrx_word' id='word_1_508' title='bbox 1666 4575 1935 4644; x_wconf 87' lang='lat' dir='ltr'><strong>administrandi</strong></span> <span class='ocrx_word' id='word_1_509' title='bbox 1966 4573 2191 4650; x_wconf 62' lang='lat' dir='ltr'><strong>Sacramenta</strong></span> 
     </span>
     <span class='ocr_line' id='line_1_67' title="bbox 156 4671 2191 4792; baseline -0.025 -6"><span class='ocrx_word' id='word_1_510' title='bbox 156 4715 263 4786; x_wconf 89' lang='lat' dir='ltr'><strong>Bene</strong></span> <span class='ocrx_word' id='word_1_511' title='bbox 283 4709 379 4792; x_wconf 83' lang='lat' dir='ltr'><strong>vale,</strong></span> <span class='ocrx_word' id='word_1_512' title='bbox 398 4704 610 4778; x_wconf 84' lang='lat' dir='ltr'><strong>etrescribe.</strong></span> <span class='ocrx_word' id='word_1_513' title='bbox 661 4695 730 4773; x_wconf 87' lang='lat' dir='ltr'><strong>Dic</strong></span> <span class='ocrx_word' id='word_1_514' title='bbox 746 4685 934 4766; x_wconf 81' lang='lat' dir='ltr'><strong>Iohannis</strong></span> <span class='ocrx_word' id='word_1_515' title='bbox 948 4683 1157 4784; x_wconf 83' lang='lat' dir='ltr'><strong>Baptistae,</strong></span> <span class='ocrx_word' id='word_1_516' title='bbox 1207 4687 1303 4758; x_wconf 83' lang='lat' dir='ltr'><strong>iuxta</strong></span> <span class='ocrx_word' id='word_1_517' title='bbox 1334 4674 1563 4752; x_wconf 81' lang='lat' dir='ltr'><strong>vocationem.</strong></span> <span class='ocrx_word' id='word_1_518' title='bbox 1621 4673 1712 4747; x_wconf 88' lang='lat' dir='ltr'><strong>Cum</strong></span> <span class='ocrx_word' id='word_1_519' title='bbox 1736 4689 1852 4746; x_wconf 88' lang='lat' dir='ltr'><strong>autem</strong></span> <span class='ocrx_word' id='word_1_520' title='bbox 1873 4671 1987 4744; x_wconf 85' lang='lat' dir='ltr'><strong>Filius</strong></span> <span class='ocrx_word' id='word_1_521' title='bbox 2008 4672 2094 4762; x_wconf 83' lang='lat' dir='ltr'><strong>Dei,</strong></span> <span class='ocrx_word' id='word_1_522' title='bbox 2128 4683 2191 4773; x_wconf 70' lang='lat' dir='ltr'><strong>qui</strong></span> 
     </span>
     <span class='ocr_line' id='line_1_68' title="bbox 157 4775 2193 4888; baseline -0.042 38"><span class='ocrx_word' id='word_1_523' title='bbox 157 4839 264 4888; x_wconf 69' lang='lat'><strong>⁸⁰⁰⁰</strong></span> <span class='ocrx_word' id='word_1_524' title='bbox 290 4805 398 4884; x_wconf 69' lang='lat'><strong>¹55⁴·</strong></span> <span class='ocrx_word' id='word_1_525' title='bbox 1209 4799 1263 4879; x_wconf 60' lang='lat' dir='ltr'><strong>eil</strong></span> <span class='ocrx_word' id='word_1_526' title='bbox 1281 4775 1391 4882; x_wconf 59' lang='grc' dir='ltr'><strong><em>λόγος</em></strong></span> <span class='ocrx_word' id='word_1_527' title='bbox 1412 4781 1544 4860; x_wconf 80' lang='lat' dir='ltr'><strong>aeterni</strong></span> <span class='ocrx_word' id='word_1_528' title='bbox 1561 4777 1702 4858; x_wconf 76' lang='lat' dir='ltr'><strong>Patris,</strong></span> <span class='ocrx_word' id='word_1_529' title='bbox 1718 4801 1800 4848; x_wconf 79' lang='lat' dir='ltr'><strong>vere</strong></span> <span class='ocrx_word' id='word_1_530' title='bbox 1822 4777 1865 4847; x_wconf 88' lang='lat' dir='ltr'><strong>sit</strong></span> <span class='ocrx_word' id='word_1_531' title='bbox 1884 4775 2105 4850; x_wconf 65' lang='lat' dir='ltr'><strong>ettimxooce</strong></span> <span class='ocrx_word' id='word_1_532' title='bbox 2124 4784 2193 4865; x_wconf 67' lang='lat' dir='ltr'><strong>mi.</strong></span> 
     </span>
     <span class='ocr_line' id='line_1_69' title="bbox 1210 4874 2196 4979; baseline -0.023 -19"><span class='ocrx_word' id='word_1_533' title='bbox 1210 4887 1349 4979; x_wconf 78' lang='lat' dir='ltr'><strong>niscerii</strong></span> <span class='ocrx_word' id='word_1_534' title='bbox 1363 4874 1526 4976; x_wconf 67' lang='lat' dir='ltr'><strong>aisaciae,</strong></span> <span class='ocrx_word' id='word_1_535' title='bbox 1550 4877 1839 4952; x_wconf 72' lang='lat' dir='ltr'><strong>arminicurtem</strong></span> <span class='ocrx_word' id='word_1_536' title='bbox 1856 4875 1901 4947; x_wconf 76' lang='lat' dir='ltr'><strong>sit</strong></span> <span class='ocrx_word' id='word_1_537' title='bbox 1917 4875 2079 4966; x_wconf 75' lang='lat' dir='ltr'><strong>satutare,</strong></span> <span class='ocrx_word' id='word_1_538' title='bbox 2104 4883 2196 4956; x_wconf 83' lang='lat' dir='ltr'><strong>sicut</strong></span> 
     </span>
    </p>

    <p class='ocr_par' dir='ltr' id='par_1_28' title="bbox 158 4976 2199 5294">
     <span class='ocr_line' id='line_1_70' title="bbox 270 4976 2195 5106; baseline -0.02 -19"><span class='ocrx_word' id='word_1_539' title='bbox 270 5011 328 5086; x_wconf 88' lang='lat' dir='ltr'><strong>Dc</strong></span> <span class='ocrx_word' id='word_1_540' title='bbox 352 5009 557 5106; x_wconf 87' lang='lat' dir='ltr'><strong>quaestione</strong></span> <span class='ocrx_word' id='word_1_541' title='bbox 580 4999 757 5092; x_wconf 87' lang='lat' dir='ltr'><strong>coniugali</strong></span> <span class='ocrx_word' id='word_1_542' title='bbox 780 4997 995 5088; x_wconf 85' lang='lat' dir='ltr'><strong>respondent</strong></span> <span class='ocrx_word' id='word_1_543' title='bbox 1017 4987 1073 5077; x_wconf 87' lang='lat' dir='ltr'><strong>hi,</strong></span> <span class='ocrx_word' id='word_1_544' title='bbox 1098 4987 1160 5083; x_wconf 92' lang='lat' dir='ltr'><strong>qui</strong></span> <span class='ocrx_word' id='word_1_545' title='bbox 1213 4977 1470 5086; x_wconf 71' lang='lat' dir='ltr'><strong>scriptumest:</strong></span> <span class='ocrx_word' id='word_1_546' title='bbox 1497 4976 1606 5052; x_wconf 88' lang='lat' dir='ltr'><strong>Sedet</strong></span> <span class='ocrx_word' id='word_1_547' title='bbox 1631 4979 1675 5048; x_wconf 90' lang='lat' dir='ltr'><strong>ad</strong></span> <span class='ocrx_word' id='word_1_548' title='bbox 1698 4981 1853 5048; x_wconf 83' lang='lat' dir='ltr'><strong>dextram</strong></span> <span class='ocrx_word' id='word_1_549' title='bbox 1872 4981 1980 5068; x_wconf 88' lang='lat' dir='ltr'><strong>patris</strong></span> <span class='ocrx_word' id='word_1_550' title='bbox 1996 4981 2088 5051; x_wconf 89' lang='lat' dir='ltr'><strong>dona</strong></span> <span class='ocrx_word' id='word_1_551' title='bbox 2108 4985 2195 5056; x_wconf 84' lang='lat' dir='ltr'><strong>dans</strong></span> 
     </span>
     <span class='ocr_line' id='line_1_71' title="bbox 158 5075 2198 5198; baseline -0.019 -5"><span class='ocrx_word' id='word_1_552' title='bbox 158 5133 254 5194; x_wconf 79' lang='lat' dir='ltr'><strong>stent</strong></span> <span class='ocrx_word' id='word_1_553' title='bbox 282 5117 321 5184; x_wconf 91' lang='lat' dir='ltr'><strong>iu</strong></span> <span class='ocrx_word' id='word_1_554' title='bbox 347 5110 573 5190; x_wconf 88' lang='lat' dir='ltr'><strong>consistorio,</strong></span> <span class='ocrx_word' id='word_1_555' title='bbox 612 5105 675 5198; x_wconf 89' lang='lat' dir='ltr'><strong>qui</strong></span> <span class='ocrx_word' id='word_1_556' title='bbox 699 5123 835 5170; x_wconf 89' lang='lat' dir='ltr'><strong>mecum</strong></span> <span class='ocrx_word' id='word_1_557' title='bbox 862 5099 906 5166; x_wconf 90' lang='lat' dir='ltr'><strong>de</strong></span> <span class='ocrx_word' id='word_1_558' title='bbox 931 5121 972 5166; x_wconf 91' lang='lat' dir='ltr'><strong>eo</strong></span> <span class='ocrx_word' id='word_1_559' title='bbox 997 5089 1161 5164; x_wconf 89' lang='lat' dir='ltr'><strong>collocuti</strong></span> <span class='ocrx_word' id='word_1_560' title='bbox 1213 5087 1439 5168; x_wconf 86' lang='lat' dir='ltr'><strong>hominibus,</strong></span> <span class='ocrx_word' id='word_1_561' title='bbox 1468 5075 1682 5172; x_wconf 73' lang='lat' dir='ltr'><strong>Prophetas,</strong></span> <span class='ocrx_word' id='word_1_562' title='bbox 1712 5077 1919 5171; x_wconf 74' lang='lat' dir='ltr'><strong>Apostolos,</strong></span> <span class='ocrx_word' id='word_1_563' title='bbox 1944 5079 2198 5176; x_wconf 86' lang='lat' dir='ltr'><strong>Evangelistas,</strong></span> 
     </span>
     <span class='ocr_line' id='line_1_72' title="bbox 158 5176 2199 5294; baseline -0.023 0"><span class='ocrx_word' id='word_1_564' title='bbox 158 5236 263 5294; x_wconf 83' lang='lat' dir='ltr'><strong>sunt.</strong></span> <span class='ocrx_word' id='word_1_565' title='bbox 317 5213 523 5285; x_wconf 87' lang='lat' dir='ltr'><strong>Clarissimo</strong></span> <span class='ocrx_word' id='word_1_566' title='bbox 548 5197 920 5277; x_wconf 82' lang='lat' dir='ltr'><strong>viroD.Cancellario</strong></span> <span class='ocrx_word' id='word_1_567' title='bbox 946 5207 1163 5271; x_wconf 72' lang='lat' dir='ltr'><strong>reseratum</strong></span> <span class='ocrx_word' id='word_1_568' title='bbox 1214 5191 1376 5262; x_wconf 80' lang='lat' dir='ltr'><strong>Pastores</strong></span> <span class='ocrx_word' id='word_1_569' title='bbox 1398 5199 1432 5254; x_wconf 90' lang='lat' dir='ltr'><strong>et</strong></span> <span class='ocrx_word' id='word_1_570' title='bbox 1455 5186 1633 5254; x_wconf 83' lang='lat' dir='ltr'><strong>Doctores.</strong></span> <span class='ocrx_word' id='word_1_571' title='bbox 1668 5176 1730 5260; x_wconf 79' lang='lat' dir='ltr'><strong>‚Et</strong></span> <span class='ocrx_word' id='word_1_572' title='bbox 1754 5181 1844 5254; x_wconf 84' lang='lat' dir='ltr'><strong>sicut</strong></span> <span class='ocrx_word' id='word_1_573' title='bbox 1864 5176 2040 5252; x_wconf 89' lang='lat' dir='ltr'><strong>Dominus</strong></span> <span class='ocrx_word' id='word_1_574' title='bbox 2063 5184 2199 5278; x_wconf 77' lang='lat' dir='ltr'><strong>inquit:</strong></span> 
     </span>
    </p>
   </div>
   <div class='ocr_carea' id='block_1_23' title="bbox 159 5278 2205 5470">
    <p class='ocr_par' dir='ltr' id='par_1_29' title="bbox 159 5278 2205 5470">
     <span class='ocr_line' id='line_1_73' title="bbox 159 5278 2205 5397; baseline -0.024 -2"><span class='ocrx_word' id='word_1_575' title='bbox 159 5339 202 5395; x_wconf 82' lang='lat' dir='ltr'><strong>et</strong></span> <span class='ocrx_word' id='word_1_576' title='bbox 221 5320 328 5392; x_wconf 84' lang='lat' dir='ltr'><strong>vobis</strong></span> <span class='ocrx_word' id='word_1_577' title='bbox 343 5315 509 5384; x_wconf 89' lang='lat' dir='ltr'><strong>omnibus</strong></span> <span class='ocrx_word' id='word_1_578' title='bbox 523 5311 672 5382; x_wconf 88' lang='lat' dir='ltr'><strong>salutem</strong></span> <span class='ocrx_word' id='word_1_579' title='bbox 692 5319 790 5397; x_wconf 85' lang='lat' dir='ltr'><strong>opto.</strong></span> <span class='ocrx_word' id='word_1_580' title='bbox 1216 5289 1292 5381; x_wconf 85' lang='lat' dir='ltr'><strong>Ego</strong></span> <span class='ocrx_word' id='word_1_581' title='bbox 1314 5306 1392 5358; x_wconf 88' lang='lat' dir='ltr'><strong>sum</strong></span> <span class='ocrx_word' id='word_1_582' title='bbox 1415 5285 1517 5366; x_wconf 81' lang='lat' dir='ltr'><strong>vitis&#39;,</strong></span> <span class='ocrx_word' id='word_1_583' title='bbox 1542 5304 1606 5351; x_wconf 81' lang='lat' dir='ltr'><strong>vas</strong></span> <span class='ocrx_word' id='word_1_584' title='bbox 1629 5278 1801 5372; x_wconf 87' lang='lat' dir='ltr'><strong>palmites.</strong></span> <span class='ocrx_word' id='word_1_585' title='bbox 1852 5283 1940 5356; x_wconf 84' lang='lat' dir='ltr'><strong>Siue</strong></span> <span class='ocrx_word' id='word_1_586' title='bbox 1955 5298 2012 5352; x_wconf 81' lang='lat' dir='ltr'><strong>me</strong></span> <span class='ocrx_word' id='word_1_587' title='bbox 2027 5281 2119 5353; x_wconf 87' lang='lat' dir='ltr'><strong>nihil</strong></span> <span class='ocrx_word' id='word_1_588' title='bbox 2136 5311 2205 5380; x_wconf 77' lang='lat' dir='ltr'><strong>po..</strong></span> 
     </span>
     <span class='ocr_line' id='line_1_74' title="bbox 1211 5380 2204 5470; baseline -0.006 -6"><span class='ocrx_word' id='word_1_589' title='bbox 1211 5391 1318 5464; x_wconf 80' lang='lat' dir='ltr'><strong>testis</strong></span> <span class='ocrx_word' id='word_1_590' title='bbox 1330 5391 1460 5460; x_wconf 69' lang='lat' dir='ltr'><strong>lacere,</strong></span> <span class='ocrx_word' id='word_1_591' title='bbox 1502 5380 1664 5455; x_wconf 75' lang='lat' dir='ltr'><strong>Oramus</strong></span> <span class='ocrx_word' id='word_1_592' title='bbox 1676 5402 1776 5470; x_wconf 82' lang='lat' dir='ltr'><strong>eum,</strong></span> <span class='ocrx_word' id='word_1_593' title='bbox 1804 5399 1842 5454; x_wconf 92' lang='lat' dir='ltr'><strong>ut</strong></span> <span class='ocrx_word' id='word_1_594' title='bbox 1859 5387 1949 5455; x_wconf 85' lang='lat' dir='ltr'><strong>adsit</strong></span> <span class='ocrx_word' id='word_1_595' title='bbox 1964 5397 1997 5453; x_wconf 88' lang='lat' dir='ltr'><strong>et</strong></span> <span class='ocrx_word' id='word_1_596' title='bbox 2013 5381 2118 5456; x_wconf 84' lang='lat' dir='ltr'><strong>huius</strong></span> <span class='ocrx_word' id='word_1_597' title='bbox 2132 5390 2204 5458; x_wconf 86' lang='lat' dir='ltr'><strong>iam</strong></span> 
     </span>
    </p>
   </div>
   <div class='ocr_carea' id='block_1_24' title="bbox 1536 5480 1621 5556">
    <p class='ocr_par' dir='ltr' id='par_1_30' title="bbox 1536 5480 1621 5556">
     <span class='ocr_line' id='line_1_75' title="bbox 1536 5480 1621 5556; baseline -0.012 0"><span class='ocrx_word' id='word_1_598' title='bbox 1536 5480 1621 5556; x_wconf 74' lang='lat'><strong>20&#39;</strong></span> 
     </span>
    </p>
   </div>
   <div class='ocr_carea' id='block_1_25' title="bbox 0 0 2423 6164">
    <p class='ocr_par' dir='ltr' id='par_1_31' title="bbox 0 0 2423 6164">
     <span class='ocr_line' id='line_1_76' title="bbox 0 0 2423 6164; baseline 0 0"><span class='ocrx_word' id='word_1_599' title='bbox 0 0 2423 6164; x_wconf 95' lang='lat' dir='ltr'><strong> </strong></span> 
     </span>
    </p>
   </div>
  </div>
 </body>
</html>
