4808 6176
131 297 206 378 tor

131 469 326 604 Q.
989 469 1115 554 sepe.

947 563 1121 594 m

457 673 512 760 P.
548 673 594 758 V
588 674 800 760 inventio.

234 859 254 924 †
275 853 313 908 Er
332 869 426 924 apogr.
445 849 472 905 io
492 847 553 905 cod.
572 847 658 904 Paris.
679 850 715 904 l).
734 845 765 904 L.
786 849 854 902 ⁵4³·

18 1033 19 1037 ’
129 1011 291 1092 Cloe-iss.
324 1009 418 1096 uiro,
457 1001 717 1077 eruditiones!
751 1002 881 1074 virtute
905 1001 1126 1102 praestanti,

17 1140 20 1152 ·
127 1119 180 1194 D.
210 1113 348 1189 Petro
379 1107 650 1193 Vincentio,
676 1107 806 1208 fratri
828 1130 897 1177 suo
930 1105 1125 1180 carissimo

178 1221 220 1295 io
235 1215 323 1292 urbe
337 1209 509 1296 Lubere,
532 1204 682 1284 Corona
708 1208 831 1305 gentis
847 1205 1074 1286 Saronicus.

19 1349 23 1360 .
128 1360 175 1450 S.
196 1370 243 1446 D.
294 1365 499 1442 Clarissime
523 1363 580 1433 vir
605 1376 637 1432 et
660 1357 839 1430 carissime
864 1359 984 1432 frater.
1045 1352 1122 1428 Etsi

19 1449 22 1464 .
128 1479 226 1572 pium
242 1489 295 1544 est
310 1471 420 1560 magis
437 1467 540 1540 adfici
557 1489 639 1536 cura
657 1467 735 1536 τῶν
751 1455 909 1546 οἰκείων,
936 1473 976 1530 ut
991 1459 1124 1532 Paulus

129 1581 263 1676 inquit,
297 1575 399 1644 etde
423 1567 488 1642 bac
511 1595 571 1638 ora
595 1566 809 1637 Germaniae
833 1563 1008 1634 sollicitus
1035 1587 1124 1650 sum,

129 1697 246 1756 tamen
268 1675 375 1748 etiam
400 1675 444 1744 de
468 1665 629 1762 Anglicis
651 1668 841 1758 tragoediis
866 1690 970 1758 saepe
993 1667 1122 1758 cogito.

130 1785 240 1858 Vetus
261 1777 446 1852 oraculum
471 1775 541 1844 suit
563 1775 607 1842 de
623 1771 763 1840 duobus
779 1767 1021 1839 Macedonicis
1036 1765 1123 1838 Phi-

130 1890 255 1982 lippis,
269 1881 365 1978 quod
386 1877 509 1948 recitat
526 1875 717 1946 Pausanias
735 1897 767 1964 p.
787 1871 891 1946 tou:
920 1867 1124 1964 αὐχοῦντες

137 1991 319 2088 βασιλεῦσι
345 1971 572 2074 Μακηδόνες
598 1971 844 2076 ἇργέαδῃοιν,
879 1969 972 2068 ὑμῖν
994 1997 1122 2070 κοιρα-

52 2131 60 2136 -
141 2091 232 2166 νέων
242 2142 252 2174 ,
276 2085 310 2158 riu
324 2079 426 2158 αθὸν
441 2077 504 2154 καὶ
519 2085 623 2174 πῆμα
643 2074 818 2174 pilumnoe
826 2069 875 2172 *).
929 2079 977 2147 tlt
991 2073 1122 2168 Hispa-

145 2195 241 2266 uicus
257 2115 446 2285 Piibppus
462 2188 621 2254 nondum
636 2182 703 2252 luit
725 2177 878 2279 ἀγαθον
893 2181 971 2260 τοῖς
985 2175 1123 2276 (ipere-

138 2299 222 2378 νοῖς.
273 2287 424 2362 Oremus
450 2287 563 2355 lilium
580 2285 664 2364 Dei,
691 2295 731 2352 ut
755 2285 790 2351 iu
810 2277 866 2350 his
885 2279 1121 2377 imperiorum

133 2395 342 2474 tumultibus
379 2402 494 2460 servet
522 2385 717 2458 Ecclesiam
753 2409 853 2454 suam
885 2399 917 2455 et
944 2385 982 2452 in
1003 2404 1041 2452 ea
1066 2383 1122 2451 di-

131 2501 301 2574 sceutium
320 2509 449 2564 coetus.
503 2489 665 2582 Quaeso,
692 2503 731 2560 ut
749 2487 922 2580 significes
939 2483 1121 2556 historiam

127 2603 327 2695 Anglicam.
380 2595 581 2666 benevale.
633 2591 791 2665 Salutem
809 2601 893 2683 opto
908 2587 1121 2661 Reverendo

126 2711 202 2779 ciro
222 2696 442 2778 Valentino.
494 2697 530 2771 9.
546 2693 694 2789 Aprilis.

869 2891 1069 2988 Philippus.

264 3139 268 3148 ,
407 3131 410 3140 .

948 3297 1119 3420 Q

393 3489 593 3582 Alberto
627 3485 753 3572 Duri
782 3483 861 3572 Pr.

192 3665 234 3722 Es
250 3657 419 3733 autographo
432 3655 501 3710 edita
519 3651 642 3707 seuero
656 3649 685 3705 iu
703 3649 780 3722 epist.
795 3669 821 3723 p.
834 3648 895 3705 eto.
912 3667 957 3723 ep.
968 3647 1015 3710 bl.

121 3311 322 3446 Q.

304 3813 501 3890 Alberto
526 3808 654 3883 Duri
676 3805 945 3882 Borussioe

120 3965 172 4052 S.
199 3973 246 4050 D.
299 3968 542 4041 illustrissime
568 3979 603 4036 et
628 3961 910 4034 Clementissime
933 3961 1116 4056 Princeps.

14 4149 21 4167 ,
125 4075 394 4170 Simplicissime
410 4069 630 4160 respondebo
646 4063 859 4136 Celsitudini
875 4078 1021 4137 vestrae.
1074 4063 1116 4134 ln

15 4176 22 4263 s
126 4177 376 4250 Controversia
393 4185 488 4244 nrota
508 4193 647 4240 necesse
669 4181 720 4237 est
735 4167 807 4236 dici
823 4169 867 4236 de
889 4167 1116 4258 proprietati-

12 4268 22 4300 *
119 4287 194 4354 bus
210 4279 430 4372 singularum
447 4296 679 4366 personarum
695 4269 913 4351 divinitatis,
929 4291 1039 4362 eaque
1057 4293 1115 4337 ex-

15 4380 22 4396 ’
116 4386 272 4483 plicatio
287 4379 465 4452 Ecclesiae
488 4373 682 4445 necessaria
705 4385 775 4452 est,
803 4395 842 4440 ac
858 4371 1046 4440 dicendum
1065 4385 1115 4443 est

14 4560 24 4583 ,
115 4517 197 4588 quo
214 4485 340 4556 ordine
357 4473 700 4552 lrabitentl'ersonae
713 4475 750 4544 in
761 4473 910 4544 Sanctis.
924 4471 1114 4544 dicendum

14 4594 23 4677 ’,
112 4609 153 4664 et
174 4595 221 4660 ele
239 4585 515 4682 proprietatibus
530 4581 628 4670 regni
645 4575 779 4648 Christi
796 4590 830 4648 et
845 4578 996 4645 duarum
1012 4587 1116 4645 natu-

10 4684 23 4705 ”
111 4717 248 4769 rarum
265 4692 302 4760 in
320 4714 373 4762 eo.
414 4684 488 4755 Nee
504 4683 617 4752 maius
633 4681 729 4752 aliud
747 4681 785 4749 in
803 4679 873 4748 vita
888 4690 993 4767 opto,
1007 4701 1113 4771 quarn

112 4811 160 4870 ut
178 4801 224 4865 de
241 4789 296 4863 his
311 4791 419 4862 tantis
434 4787 540 4857 rebus
561 4783 674 4876 aliqui
689 4781 784 4850 docti
801 4797 835 4852 et
856 4779 906 4870 pii
921 4803 1021 4850 senes
1039 4779 1115 4870 pla-

21 4973 26 4981 ,
107 4905 201 4976 eide
219 4893 390 4985 colloquii
409 4900 560 4984 possent.
611 4883 701 4954 Nam
722 4897 758 4954 et
771 4881 912 4954 collatio
930 4881 1114 4972 cogitatio·

12 5009 16 5022 '
105 5027 208 5078 nram
219 4997 370 5090 singolis
387 4993 547 5090 prodest,
566 5001 600 5058 et
613 5007 804 5056 consensus
821 4985 958 5079 aliquot
973 4983 1113 5076 piorum

104 5129 152 5182 et
179 5103 403 5176 eruditorum
429 5093 565 5186 aliquid
590 5089 745 5162 adferret
765 5087 965 5158 autoritatis
989 5087 1115 5158 adver-

105 5233 181 5287 sus
216 5201 423 5280 calumnias.
482 5195 591 5266 Videt
625 5207 742 5264 autem
767 5187 952 5263 Celsitudo
988 5205 1116 5270 restra.

106 5367 349 5388 ...ιιι-*ι*

151 5447 185 5516 ¹⁸)
207 5443 309 5500 Eadem
333 5439 416 5500 rerba
437 5439 492 5494 iam
512 5437 594 5497 babes
607 5439 635 5494 in
649 5455 693 5510 sp.
709 5435 742 5494 sd
758 5433 936 5494 Vioeeotlum
956 5433 983 5496 d.
999 5435 1025 5490 5.
1039 5433 1115 5506 Sept.

194 5513 290 5584 ibib,
309 5531 378 5587 quae
392 5505 436 5566 bie
449 5505 615 5564 mentuenda
629 5519 677 5564 eu.

698 289 1139 370 EPISTOLARUM
1198 287 1305 372 ute.
1339 285 1422 368 ΧΠ.
1477 285 1609 364 1666.

2098 291 2173 370 458

1181 479 1314 560 quanta
1327 465 1373 535 sit
1390 463 1616 556 ingeniorum
1631 463 1763 550 rabies,
1780 483 1952 560 quantum
1966 469 2100 564 ubique
2118 497 2175 542 ca·

1179 569 1398 639 lumniarum
1417 569 1782 638 venenatissimorum.
1832 567 1907 640 Has
1933 573 1995 642 etsi
2023 597 2096 642 non
2126 575 2173 646 ita

1180 683 1316 756 metuo,
1341 683 1381 742 ut
1395 695 1534 762 semper
1560 672 1750 742 tacendum
1767 693 1840 741 esse
1858 675 2026 755 sentiam,
2053 689 2171 748 tamen

1178 773 1341 866 publicae
1358 771 1627 868 tranquillitatis
1644 795 1747 842 causa
1772 773 1951 845 interdum
1969 775 2080 847 vitare
2098 793 2173 848 stu-

1177 878 1256 948 deo.
1308 873 1377 946 Fui
1394 871 1504 966 igitur
1517 887 1553 947 et
1572 901 1649 946 sum
1668 875 1869 946 contantior
1884 881 1928 948 ad
1944 881 2172 950 scribendum

1176 972 1260 1074 arpi
1277 973 1494 1074 ἀμνηστίας.
1548 975 1618 1050 Sed
1639 991 1757 1050 tamen
1786 979 1936 1070 optarim
1960 1006 2083 1051 omnes
2111 983 2171 1076 qui

1176 1083 1304 1152 docent
1317 1081 1356 1150 in
1367 1077 1535 1152 Ecclesiis
1544 1082 1679 1166 vestris,
1695 1079 1849 1152 formula
1865 1081 1995 1154 decreti
2011 1085 2171 1176 proxima

1176 1178 1304 1278 hyeme
1323 1183 1530 1271 iusserit,
1556 1197 1741 1256 contentos
1759 1207 1850 1268 esse,
1866 1183 1945 1254 sine
1962 1187 2099 1257 acerbis
2113 1187 2172 1256 in-

1175 1285 1489 1379 terpretationibus
1516 1313 1556 1358 ac
1583 1289 1642 1378 pio
1669 1309 1844 1379 consepsu
1871 1289 2020 1358 eandem
2038 1289 2172 1360 doctri-

1175 1413 1242 1458 nae
1259 1411 1380 1458 vocem
1393 1411 1520 1459 sonare
1538 1411 1672 1474 omnes,
1688 1401 1724 1459 et
1738 1411 1863 1458 sanare
1882 1391 2028 1460 vulnera
2047 1403 2170 1463 mutua

1175 1491 1331 1566 levitate.
1382 1487 1505 1562 Audio
1528 1492 1622 1562 enim
1641 1491 1833 1562 dissimiles
1859 1492 2170 1584 interpretationes

1176 1593 1277 1664 istius
1293 1593 1415 1686 scripti
1431 1595 1552 1688 queri,
1578 1594 1667 1664 sicut
1686 1593 1853 1665 omnibus
1869 1596 1996 1666 seculis
2010 1597 2113 1667 multi
2132 1597 2168 1666 in

1174 1693 1456 1768 dissensionibus
1490 1697 1596 1767 etiam
1630 1697 1720 1766 bene
1754 1695 1847 1766 dicta
1883 1697 2170 1770 cavillationibus

1175 1799 1488 1873 labefactaverunt.
1539 1797 1621 1870 Hoc
1636 1811 1794 1890 tempore
1811 1798 1947 1870 etiamsi
1963 1800 2066 1892 plura
2082 1803 2167 1871 scri·

1174 1902 1257 1972 bere
1276 1902 1424 1986 vellem,
1450 1925 1496 1972 ne
1514 1925 1651 1993 possem
1666 1901 1811 1996 quidem
1834 1913 1868 1971 et
1883 1916 2027 1992 propter
2050 1901 2168 1994 inspe-

1175 2005 1328 2076 ctionem
1344 1999 1583 2074 Ecclesiarum
1610 2005 1648 2074 in
1665 1997 1721 2074 his
1741 2001 1947 2092 regionibus
1969 2017 2003 2076 et
2024 2020 2168 2097 propter

1174 2108 1262 2177 alias
1277 2105 1536 2198 occupationes.
1588 2104 1643 2176 De
1665 2105 1821 2194 negociis
1841 2106 1997 2198 publicis
2011 2106 2084 2176 diii
2103 2105 2169 2178 Se.-

1174 2211 1326 2280 cretario
1336 2206 1568 2279 Celsituclinis
1578 2223 1715 2280 vestrae
1728 2231 1767 2278 ea
1783 2233 1875 2302 quae
1889 2231 1987 2278 nunc
2001 2210 2168 2290 sciebam,

1174 2308 1228 2382 De
1257 2311 1329 2407 lilia
1355 2303 1519 2383 Lutlseri
1547 2325 1694 2404 propter
1726 2313 1832 2382 deum
1867 2325 2071 2382 reverenter
2102 2335 2166 2382 oro

1174 2413 1433 2485 Celsitudinem
1460 2427 1632 2504 vestram,
1664 2425 1705 2484 ut
1738 2413 1931 2484 clementer
1956 2417 2167 2506 respondeat

1173 2541 1219 2587 ne
1246 2510 1407 2610 orphana
1434 2517 1670 2612 relinquatur.
1720 2511 1769 2586 Et
1795 2517 1924 2606 cogitet
1939 2515 2032 2589 Cels.
2050 2531 2165 2586 vestra

1174 2619 1309 2690 dictum
1342 2618 1539 2690 Siraeidae:
1580 2615 1668 2690 Esto
1695 2611 1858 2710 orphano
1891 2630 2003 2712 pater.
2062 2618 2168 2690 Titne

1174 2723 1261 2792 deus
1284 2736 1319 2794 te
1339 2722 1450 2812 magis
1465 2723 1607 2811 diliget,
1630 2745 1736 2814 quam
1762 2720 1880 2812 diligit
1902 2735 1936 2792 te
1961 2733 2073 2792 mater
2096 2735 2167 2796 tua.

1174 2823 1271 2913 Quid
1298 2835 1415 2894 autem
1443 2824 1605 2914 promitti
1631 2823 1746 2892 maius
1771 2837 1887 2912 potest
1911 2845 2032 2894 amore
2064 2835 2163 2895 tanto

1173 2926 1237 3019 qui
1257 2936 1399 3016 superet
1422 2939 1618 2996 maternam
1637 2918 1801 3022 στοργήν
1816 2949 1906 3016 quae
1922 2938 1973 2994 est
1989 2925 2165 2996 ardentis·

1172 3027 1272 3102 sima.
1324 3022 1421 3098 Deos
1441 3041 1543 3120 pater
1557 3025 1695 3096 domini
1717 3026 1829 3096 nostri
1846 3023 1923 3096 lesu
1938 3017 2072 3098 Christi
2091 3051 2165 3098 ser-

1172 3143 1231 3202 vet
1246 3143 1281 3200 et
1297 3129 1471 3221 gubernet
1486 3125 1578 3202 Cels.
1595 3155 1629 3202 v.
1668 3127 1725 3222 die
1739 3127 1784 3202 X.
1799 3125 1949 3220 Aprilis.

1463 3330 1694 3406 Celsitudinis
1721 3346 1858 3404 vestrae

1840 3497 2002 3570 addictus

1696 3595 1885 3696 Philippus
1905 3595 2114 3672 Melanthon

1473 3925 1605 3996 (Pegella
1618 3925 1700 3992 τοῖσι.
1713 3923 1844 3993 incluso.)

1259 4099 1314 4174 De
1326 4099 1546 4174 Executione
1561 4115 1699 4173 tantum
1714 4095 1783 4171 boc
1796 4103 1842 4170 do
1859 4101 1998 4170 consilii
2023 4113 2062 4172 ut
2077 4125 2160 4193 pro-

1169 4205 1312 4275 mittant
1334 4219 1490 4294 pastores
1514 4227 1575 4275 seu
1598 4207 1763 4276 docentes
1783 4227 1906 4273 omues
1928 4203 1966 4272 in
1982 4199 2160 4287 Ecclesiis‚

1169 4305 1310 4378 scillae
1334 4305 1509 4378 formulae
1527 4307 1660 4378 decreti
1683 4307 1987 4396 obtemperaturos
2008 4327 2099 4388 esse,
2126 4317 2159 4374 et

1168 4421 1369 4478 retenturos
1383 4403 1476 4479 hanc
1492 4433 1610 4480 veram
1634 4408 1864 4492 sententiam,
1889 4408 1984 4500 quod
2013 4405 2050 4475 in
2073 4429 2159 4475 con-

1168 4505 1451 4584 versionehomo
1474 4503 1543 4582 tide
1565 4511 1711 4604 accipiat
1734 4507 1976 4580 remissionem
1999 4522 2161 4600 peccato-

1168 4637 1249 4684 rum
1272 4625 1306 4683 et
1334 4613 1657 4685 reconciliationem
1682 4613 1790 4702 gratis
1818 4623 1962 4700 propter
1987 4611 2158 4681 mediato-

1168 4740 1262 4801 rem,
1285 4728 1319 4784 et
1334 4715 1378 4786 sit
1396 4717 1509 4788 iustus
1524 4716 1562 4786 in
1578 4715 1711 4786 iudicio
1729 4713 1806 4796 dei,
1829 4711 2001 4802 imputata
2018 4711 2156 4784 iusticia

1168 4831 1326 4910 propter,
1339 4819 1568 4890 mediatorem
1592 4819 1699 4886 deum
1726 4830 1760 4888 et
1784 4809 1986 4900 hominem,
2012 4838 2075 4906 per
2099 4839 2159 4884 so-

1167 4921 1236 4992 lam
1254 4921 1370 4989 fidem.

1269 5061 1393 5134 Postea
1410 5085 1534 5132 verum
1551 5075 1601 5131 est
1617 5061 1733 5153 ipsum
1759 5057 1871 5128 lilium
1885 5057 1944 5128 dei
1967 5050 2080 5158 λόγον
2098 5083 2157 5127 ae-

1168 5167 1262 5238 terni
1277 5164 1387 5257 patris
1400 5163 1516 5233 dicere
1533 5163 1811 5234 consolationem
1830 5161 2007 5246 income,
2033 5175 2069 5232 et
2084 5183 2157 5230 esse

1167 5269 1340 5340 efficacem
1348 5315 1360 5350 ,
1388 5277 1422 5334 et
1439 5289 1502 5356 per
1522 5289 1602 5335 eum
1618 5265 1695 5334 dari
1710 5265 1874 5356 spiritum
1888 5279 2060 5336 sanctum.
2110 5257 2158 5332 Et

1167 5369 1333 5440 renovari
1347 5361 1547 5452 hominem,
1573 5381 1614 5439 ut
1630 5367 1705 5438 lilio
1727 5367 1788 5438 liat
1803 5363 1931 5434 similis
1945 5363 2005 5458 qui
2026 5377 2075 5432 est
2098 5355 2159 5434 lti-

1167 5472 1377 5573 perlucens
1402 5468 1440 5538 in
1465 5483 1602 5558 mente,
1627 5485 1662 5542 et
1687 5469 1725 5542 fir
1744 5467 1872 5538 similis
1896 5462 2159 5558 spiritusancto
