4814 6172
223 257 300 332 299
814 241 1253 322 ErtsTOtmttmn
1307 247 1410 322 ntn.
1435 246 1517 324 ΧΗ.
1569 245 1702 324 1⁵64.
2191 257 2273 331 aoo

224 427 371 520 coniugi
383 442 417 498 et
433 427 537 498 liliae.
588 421 816 494 llerieadem
836 415 923 490 bora
949 415 1020 489 huc
1043 429 1222 489 venerunt
1276 419 1410 488 tionem
1427 421 1901 511 nastriagminisarn'emns,
1928 439 1972 508 et,
1999 437 2275 518 qnantumpos-

225 527 406 626 Stigelins
422 544 457 600 et
480 551 579 597 meus
596 537 753 616 generet
768 516 915 593 Paetus
932 517 1092 594 Eberas.
1144 518 1222 589 llo·
1275 545 1407 609 siranus,
1433 538 1606 596 tueamur.
1648 522 1797 595 Prodest
1815 529 1920 595 etiam
1936 524 2116 596 Ecclesiae
2132 541 2166 598 et
2182 527 2277 600 Rei-

224 657 305 704 rum
328 645 536 724 conspectas
565 642 684 718 gratus
705 627 771 696 snit
803 627 907 694 nobis
935 624 1115 697 omnibus.
1168 619 1222 690 To
1275 625 1455 714 publicae,
1490 630 1654 696 docentes
1685 640 1718 696 et
1748 629 1930 697 sententiis
1962 644 1996 699 et
2025 631 2277 702 benevolentia

223 759 367 829 quoqne
397 735 525 803 vellem
553 756 624 802 una
649 728 849 811 advenisse,
884 752 959 796 non
983 729 1066 820 quia
1095 724 1224 794 referat
1275 727 1483 798 coniunctos
1499 751 1585 798 esse:
1612 753 1651 796 ac
1669 729 1707 798 in
1722 724 1779 798 his
1795 731 1855 824 qui
1874 743 1957 800 sunt
1972 731 2048 800 sine
2065 733 2278 818 ambitione,

225 835 411 908 historiam
430 835 556 930 synodi
573 855 792 921 cognoscere,
814 855 921 922 qnam
940 829 1020 899 istic
1035 829 1138 917 leges,
1162 827 1223 895 sed
1275 829 1512 899 durabiliores
1526 844 1609 899 sunt
1623 832 1808 904 amicitiae.
1849 831 1910 901 Pie
1927 833 2036 922 igitur
2052 835 2148 919 sacis,
2176 839 2278 929 quod

96 1002 105 1013 .
225 940 308 1033 quia
335 934 490 1030 hospites
510 937 604 1004 viros
630 931 795 1004 honestos
827 945 861 1002 et
886 933 1009 1002 doctos
1037 929 1159 999 ridere
1189 939 1225 996 et
1275 931 1457 1002 interdum
1472 935 1515 1002 dc
1530 933 1775 1004 benevolentia
1790 949 1848 1004 tua
1866 936 1909 1003 ad
1929 956 1994 1004 nos
2009 936 2145 1010 scribis.
2182 937 2278 1009 Mit-

225 1042 351 1110 audire
368 1064 432 1108 nec
448 1040 594 1106 insuave
610 1060 673 1104 nec
688 1035 816 1104 inutile
834 1049 896 1108 est.
946 1029 1224 1103 Beneetieliei-
1276 1046 1312 1102 to
1330 1033 1396 1102 tibi
1414 1036 1567 1126 pagellas
1583 1059 1656 1102 non
1674 1035 1837 1107 insuaves
1854 1037 1958 1110 lectu.
1997 1035 2213 1108 Benevale:
2242 1056 2280 1112 et

225 1157 279 1212 ter
314 1142 401 1213 vale.
463 1139 618 1212 Salutem
657 1151 741 1230 opto
776 1137 879 1206 vobis
913 1136 1092 1208 omnibus.
1153 1133 1224 1202 Die
1276 1135 1452 1222 significa,
1480 1161 1525 1206 an
1544 1133 1607 1206 has
1623 1137 1742 1208 literas
1758 1152 1791 1209 et
1808 1140 1950 1208 libellos
1967 1141 2152 1231 acceperis.
2206 1139 2280 1214 Die

224 1245 288 1315 29.
312 1242 416 1313 Maii.

973 1335 1172 1456 Philippus.

572 1539 575 1546 n

224 1559 627 1576 ...m—*uu—
632 1558 976 1570 -ι--ο-ιι--ι-..ι-ο-ι--αμ
992 1559 1017 1568 ..ι
1023 1553 1221 1568 -a-—not—rh

237 1711 305 1786 No.
321 1709 435 1786 5615.

232 1811 447 1846 Μ

1096 1722 1129 1784 6.
1146 1713 1212 1778 133.

1084 1807 1223 1834 Μ

503 1899 569 1984 Μ.
600 1893 935 2016 Meiendurpio.

329 2075 416 2150 Epist.
437 2074 484 2132 lib.
503 2074 536 2131 V.
556 2092 583 2145 p.
601 2073 652 2128 537
670 2089 710 2142 sq.
736 2049 742 2064 ’
1101 2123 1105 2130 ,

228 2225 289 2308 M
294 2229 377 2308 ich.
405 2228 759 2326 Meienbnrgr'o,
785 2222 947 2302 Consnli
964 2223 1225 2306 Northnsano.

230 2375 278 2466 S.
303 2387 348 2460 D.
404 2384 715 2476 lntegerrimevir.
767 2381 858 2454 Cum
883 2376 1225 2454 venisseninsNuo-

229 2490 408 2586 burgum,
437 2487 607 2581 postridie
630 2500 805 2556 venerunt
826 2481 1003 2568 llessiaci,
1037 2498 1070 2552 ε’.
1093 2509 1132 2550 ex
1154 2480 1226 2552 Ar-

229 2605 413 2686 gentorato
432 2583 676 2661 Schledanus.
730 2585 855 2657 Postea
878 2585 1038 2680 quamvis
1062 2586 1109 2652 ibi
1128 2611 1224 2654 com-

228 2695 360 2766 morati
393 2717 515 2764 sumus
546 2693 621 2761 dies
654 2691 790 2758 decem:
826 2702 943 2758 tamen
975 2711 1080 2754 recuso
1116 2689 1225 2759 veuit.

231 2796 328 2888 Quia
358 2797 476 2888 igitur,
495 2793 597 2886 pauci
625 2791 834 2874 adsuerunt,
872 2804 906 2859 et
932 2791 1024 2858 inter
1050 2814 1128 2870 eos,
1163 2789 1225 2882 qui

231 2903 394 2984 aderant,
419 2898 518 2968 nulla
537 2910 585 2964 est
602 2895 785 2976 dissensio,
812 2917 883 2961 non
901 2893 1003 2982 longa
1020 2892 1086 2960 luit
1102 2893 1225 2982 dispu-

230 3003 328 3074 tatio.
379 2994 493 3070 Filius
510 2989 689 3066 Michaat
704 2996 812 3066 mittit
829 3008 904 3064 acta
920 2988 968 3080 ⁸⁸).
1013 2987 1226 3087 Landgra-

233 3103 313 3174 vius
334 3104 501 3172 mandata
518 3103 660 3168 dederat
684 3097 773 3181 suis,
802 3112 842 3167 ut
864 3097 892 3166 si
910 3097 1146 3165 dissensiones
1168 3097 1224 3164 in-

232 3207 402 3290 ciderent,
427 3228 557 3272 nesea
575 3199 739 3271 Saxonici
757 3196 930 3269 Electoris
950 3199 1087 3287 legatis
1106 3199 1226 3267 seiun-

231 3321 371 3398 gerent,
397 3307 493 3400 quod
508 3305 575 3374 luit
590 3302 756 3372 omnibus
775 3302 906 3370 nostris
921 3317 1069 3390 gratum.
1112 3298 1227 3368 Filius

230 3412 301 3478 iarn
324 3409 436 3477 libros
460 3430 541 3475 snos
565 3403 745 3473 transtulit
762 3403 800 3469 in
824 3427 935 3470 meam
953 3397 1225 3492 habitationem.

233 3509 374 3602 Stylum
411 3509 487 3576 eius
529 3505 760 3574 considerabo
795 3503 1014 3596 aliquandiu.
1082 3499 1127 3574 Et
1162 3527 1225 3573 oro

231 3606 371 3692 Deum,
396 3623 435 3678 nt
458 3631 521 3675 vos
541 3621 574 3674 et
595 3619 728 3674 vestros
744 3628 867 3672 omnes
884 3615 996 3674 servet
1019 3605 1225 3680 incolumes.

232 3707 330 3780 Bene
347 3726 379 3780 et
394 3710 544 3780 feliciter
560 3708 681 3776 valete.
736 3705 803 3778 Die
820 3704 855 3778 5.
875 3705 968 3776 lunii
989 3702 1096 3781 1554.

975 3821 1174 3918 Philippus.

231 4039 325 4054 ..μ-..ιι
329 4039 425 4048 -uuo—
431 4039 452 4046 ι-
456 4037 924 4049 —na-u-—fi--n—-a--t--m
928 4036 966 4045 -ι
970 4037 1227 4049 -s--n———n-..nn-n—

233 4177 299 4251 No.
320 4176 432 4250 5616.

197 4305 198 4312 ἵ
235 4275 432 4304 m

1110 4199 1142 4260 6.
1159 4191 1224 4255 lun.

1116 4284 1217 4314 Ὰω

535 4363 602 4449 In.
629 4361 912 4448 Botticleero.

300 4535 423 4591 Primum
438 4535 508 4589 edita
523 4539 550 4588 in
565 4535 607 4590 la.
623 4535 784 4588 Bottr'cherr'
804 4533 934 4603 (Proseis.
950 4535 1089 4598 Francos.)
1112 4537 1222 4592 libellos

333 4603 376 4659 De
386 4614 445 4658 arte
454 4603 603 4658 disserendi
616 4601 714 4658 oratio.
742 4601 779 4655 Es
794 4621 826 4658 eo
840 4605 884 4658 bie
897 4603 1030 4672 descripta
1043 4615 1092 4659 est.
1128 4607 1224 4660 Postea

330 4673 561 4796 iiiiiiieffli
575 4671 674 4744 larcag.
693 4691 720 4743 p.
735 4671 796 4727 2⁴9.
815 4671 873 4726 sine
885 4671 1080 4743 inscriptione,
1099 4676 1223 4730 exeatis

462 4889 676 4964 Iohanni
697 4887 985 4972 Botticlsero.

230 5031 277 5119 S.
303 5045 348 5118 D.
405 5045 532 5130 Τίττιξ
559 5041 629 5139 μὲν
653 5045 788 5146 τέττιγι
821 5041 948 5144 φίλος,
982 5041 1153 5142 ncipatum
1179 5044 1221 5121 δὲ

227 5145 401 5242 μύρμαξ,
430 5153 547 5243 inquit
564 5145 787 5222 Theocritus.
841 5147 892 5221 lta
911 5163 945 5220 et
961 5173 1027 5220 nos
1040 5152 1221 5220 consocia-

228 5321 271 5334 ...
286 5319 446 5332 ...ι-ο--αυ

260 5425 289 5487 *i
312 5425 332 5478 i.
348 5446 370 5476 e.
385 5421 559 5495 apographon
571 5421 666 5490 scripti
680 5419 864 5478 nabathena
878 5423 905 5478 d.
920 5422 948 5479 d.
959 5421 1002 5482 25.
1017 5423 1095 5480 Maii.

1277 1237 1311 1305 6.
1330 1235 1444 1319 lunii,
1472 1265 1542 1333 quo
1558 1252 1639 1308 ante
1655 1263 1768 1309 annos
1785 1241 1884 1314 1909
1901 1240 2102 1311 Alexander
2119 1241 2280 1316 Macedo

1277 1353 1382 1410 natus
1407 1355 1474 1422 est,
1502 1342 1564 1434 qui
1588 1355 1639 1410 est
1663 1344 1861 1434 exemplum
1885 1338 2061 1413 hnmanae
2083 1345 2281 1418 infirmita-

1277 1441 1339 1510 tis:
1366 1443 1448 1535 quia
1474 1468 1553 1512 cnm
1578 1443 1738 1532 ingentes
1763 1445 1913 1516 virtutes
1935 1459 1969 1516 et
1992 1447 2084 1515 dona
2100 1443 2171 1515 Dei
2190 1474 2280 1519 con-

1279 1545 1483 1616 taminasset
1505 1546 1641 1634 magnis
1657 1547 1772 1631 vitiis,
1798 1547 1867 1616 cito
1884 1561 1919 1618 et
1934 1547 2042 1616 vitam
2067 1561 2101 1618 et
2124 1571 2279 1640 regnum

1279 1646 1406 1722 antisit.
1459 1641 1513 1718 Te
1530 1649 1618 1718 scias
1633 1649 1671 1717 in
1687 1672 1811 1739 genere
1827 1649 1918 1720 vitae
1932 1651 2078 1720 meliore
2092 1674 2180 1722 esse.

1557 2283 1634 2370 Ge.
1666 2285 1990 2372 Buclrlsolzero.

1380 2477 1477 2533 Manili
1497 2477 1592 2548 lsrrrg.
1618 2476 1720 2550 13590.

1277 2648 1490 2728 Reverendo
1513 2651 1611 2738 viro,
1639 2649 1693 2724 D.
1716 2645 1921 2747 Georgio
1944 2649 2284 2735 Buchholtze.

1410 2780 1475 2842 ro,
1499 2754 1618 2827 amico
1635 2763 1666 2825 el
1674 2753 1803 2854 fratri
1817 2779 1885 2826 suo
1900 2750 2122 2844 charissimo,

1278 2903 1326 2993 S.
1352 2919 1395 2994 D.
1446 2915 1657 2991 Reverende
1679 2921 1735 2990 vic
1765 2935 1799 2991 et
1821 2923 1932 2992 amice
1955 2917 2167 3000 charissime.
2223 2927 2283 3002 Ut

1278 3015 1433 3092 Lazaro
1458 3021 1637 3093 caniculae
1667 3023 1842 3094 cruciatus
1870 3025 2025 3098 leniunt:
2061 3027 2108 3098 ita
2130 3029 2283 3106 miseris

1279 3125 1518 3196 sacerdotibus
1542 3140 1576 3196 et
1599 3120 1815 3196 scholasticis
1841 3127 1951 3221 aliqui
1981 3144 2104 3199 tenues
2125 3134 2281 3222 privatis

1279 3227 1402 3298 olficiis
1418 3251 1520 3318 opem
1537 3228 1665 3299 lerunt.
1718 3226 1819 3297 Facis
1835 3229 1942 3318 igitur
1958 3232 2034 3322 pie,
2063 3235 2162 3328 quod
2178 3261 2275 3304 com·

1279 3329 1439 3422 plecteris
1452 3324 1633 3398 Ioannem
1649 3327 1692 3402 N.
1708 3327 1749 3400 N.
1761 3324 1996 3400 Boticlterum
2014 3331 2264 3426 llnpinensem,

1279 3434 1340 3526 qui
1361 3433 1438 3502 istic
1454 3433 1554 3502 docet
1568 3433 1857 3502 adolescentiam:
1886 3437 1945 3528 qui
1966 3437 2111 3528 quidem
2129 3453 2188 3510 tua
2206 3440 2265 3506 be-

1279 3535 1401 3606 ncficia
1423 3547 1519 3623 grata
1544 3535 1879 3605 commemoratione
1908 3540 2099 3628 praedicat.
2161 3539 2269 3632 Spero

1278 3639 1354 3709 eius
1370 3639 1508 3708 labores
1523 3632 1699 3706 Ecclesiae
1723 3637 1926 3729 profuturos
1943 3663 2024 3710 esse.
2078 3642 2219 3734 Scripsi
2232 3645 2274 3714 de

1279 3766 1320 3812 eo
1345 3743 1390 3812 ad
1411 3753 1570 3810 senatum
1593 3737 1913 3829 Perlebergensem.
1974 3740 2028 3811 'se
2052 3757 2174 3814 autem
2200 3771 2279 3832 om,

1278 3857 1319 3914 ut
1341 3844 1449 3912 addas
1471 3843 1939 3914 tuamcommendationem.
1990 3842 2099 3915 Mitto
2120 3846 2187 3916 tibi
2215 3875 2280 3941 pa·

1278 3946 1404 4036 gellas,
1429 3965 1579 4034 quarum
1602 3943 1788 4013 lectionem
1814 3944 1880 4013 tibi
1902 3970 1976 4014 non
1994 3947 2180 4017 insuavem
2200 3951 2282 4022 lore

1278 4048 1442 4118 arbitror.
1505 4043 1609 4114 Potes
1641 4057 1675 4114 et
1704 4045 1942 4116 illustrissimo
1969 4045 2131 4142 Principi
2155 4075 2283 4122 exem-

1279 4151 1378 4241 plum
1393 4149 1541 4218 tradere.
1594 4145 1741 4216 Fuimus
1756 4141 1978 4242 Naobnrgi,
2003 4161 2042 4220 ut
2057 4153 2101 4220 de
2125 4167 2286 4228 coutro-

1278 4251 1389 4320 versia
1413 4241 1615 4319 Prasstaca
1640 4247 1923 4342 colloqueremur
1946 4275 2026 4320 cum
2051 4245 2091 4322 Τ
2090 4249 2288 4351 ubingen-

1276 4350 1392 4426 sibus.
1444 4347 1493 4421 Et
1513 4349 1695 4420 audieram
1717 4367 1851 4422 vestros
1874 4376 2015 4448 quoque
2035 4377 2076 4424 eo
2097 4373 2286 4433 venturos

1278 4479 1368 4523 esse:
1395 4453 1456 4522 sed
1483 4476 1586 4521 nemo
1603 4452 1720 4538 venit,
1745 4467 1880 4541 praeter
1901 4451 2075 4530 Hessicos.
2129 4457 2285 4534 Disces-

1276 4557 1386 4625 simus
1409 4555 1485 4623 sine
1507 4554 1580 4624 ulla
1602 4554 1839 4640 dissensione,
1870 4552 1935 4626 Dei
1963 4557 2146 4634 beneficio.
2206 4563 2279 4636 Nee

1277 4669 1451 4726 venerunt
1489 4680 1529 4725 eo
1565 4653 1819 4746 Tubingenses.
1886 4655 1984 4726 Bene
2017 4659 2144 4732 valete.
2209 4664 2287 4738 Die

1276 4758 1309 4831 9.
1335 4757 1445 4828 lunii:
1488 4759 1641 4852 quodie
1672 4772 1775 4829 natus
1803 4772 1853 4828 est
1876 4755 2078 4829 Alexander
2106 4761 2289 4858 Macedo,

1275 4875 1356 4930 ante
1375 4861 1472 4930 mille
1489 4872 1686 4950 nongentos
1703 4875 1736 4930 et
1755 4876 1887 4952 septem
1904 4885 2028 4935 annos.

1787 5007 1975 5104 Philippus
1991 5012 2227 5102 Melanthon.
