4746 6184
231 329 312 408 588
807 309 1243 402 EPISTOLARUM
1294 313 1513 401 utnxlt.
1568 313 1701 406 1355.
2194 323 2274 406 581
2345 327 2346 354 ¹

233 507 280 579 sit
305 503 533 576 reconciliata
556 515 591 574 et
615 511 755 596 accepta
780 501 879 588 Deo,
914 503 959 574 ad
982 501 1092 572 vitam
1114 511 1228 586 aeter·
1279 507 1330 566 est
1350 497 1488 568 castitas
1506 493 1646 590 loseph.
1697 485 1818 574 Placet
1841 503 1938 574 enim
1959 518 2109 595 persona
2131 491 2280 598 losephi
2345 523 2346 568 t

236 630 318 679 nam
340 621 486 700 propter
508 606 715 676 mediatoris
737 606 995 690 obedientiam,
1020 603 1108 690 lide,
1130 601 1228 672 iuxta
1280 618 1344 690 per
1361 599 1641 670 misericordiam
1666 619 1811 698 propter
1838 606 2052 696 promissum
2074 601 2276 691 Christum,
2345 625 2346 670 t

236 712 371 782 dictum
388 705 551 782 Danielis
573 722 607 780 et
630 707 776 778 similias
802 729 876 777 non
897 713 1046 804 propter
1063 699 1229 775 iustitias
1279 701 1367 781 fide,
1404 703 1523 791 gratis.
1573 701 1698 774 Postea
1724 707 1828 776 etiam
1852 709 1991 779 castitas
2005 709 2175 782 incoest
2197 711 2275 780 vir-
2344 725 2346 776 t

236 821 404 898 nostras,
433 803 501 880 sed
526 833 592 910 per
621 805 911 880 misericordiam
940 815 1087 906 propter
1112 800 1229 876 domi-
1281 817 1337 873 tus
1352 823 1494 876 accensa
1510 825 1530 874 a
1547 801 1625 876 Deo
1638 801 1861 880 inhabitante
1876 811 1914 879 in
1930 810 2026 902 ipso,
2051 813 2276 883 etobedien·
2343 829 2346 878 t

238 935 327 986 num
354 907 602 988 exaudinos.
650 911 730 984 Etsi
756 907 894 984 habitat
923 911 1021 986 Deus
1048 913 1087 1000 in
1114 907 1230 992 Mose,
1282 907 1329 974 tia
1351 901 1427 975 eius
1450 903 1615 979 inchoata
1633 905 1679 1007 ³⁴)
1702 912 1910 982 nominatur
1932 913 2084 1000 iustitia,
2117 915 2204 1010 qula
2227 931 2277 988 est
2343 911 2346 984 l

238 1015 340 1103 Elia,
374 1015 533 1100 Davide,
571 1011 696 1102 Esaia,
733 1013 903 1101 Daniele,
942 1013 1068 1100 Petro,
1106 1007 1230 1094 Paulo,
1282 1001 1461 1079 inchoatio
1480 1010 1584 1099 legis,
1609 1011 1646 1079 in
1673 1037 1732 1100 eo,
1758 1015 1820 1106 qni
1835 1010 1877 1106 ³⁸)
1901 1016 2014 1106 placet
2033 1031 2179 1109 propter
2198 1041 2276 1088 me-
2343 1023 2346 1086 t

240 1133 357 1190 tamen
386 1113 425 1188 hi
456 1139 578 1188 omnes
603 1117 777 1204 fatentur,
810 1141 847 1188 sc
869 1119 980 1189 iustos
1008 1139 1082 1186 csse
1111 1136 1230 1185 coram
1282 1111 1475 1192 distarem,
1506 1126 1547 1182 nt
1572 1115 1590 1183 1
1617 1112 1710 1184 Petr.
1731 1113 1778 1190 ll.
1801 1117 1947 1187 dicitur:
1983 1111 2108 1220 offerte
2128 1111 2278 1192 hostias
2343 1139 2346 1188 t

239 1212 336 1308 Deo,
365 1243 441 1292 non
462 1234 610 1312 propter
636 1213 989 1316 inhabitationem&
1019 1220 1138 1304 illam,
1161 1235 1231 1287 'seu
1282 1209 1499 1310 spirituales
1521 1211 1811 1313 beneplacentes
1834 1215 1918 1288 Deo
1935 1241 2001 1317 per
2017 1217 2142 1290 Iesum
2155 1214 2278 1292 Chri·
2344 1221 2346 1292 l

241 1321 445 1394 affectiones
467 1321 547 1393 illas
573 1345 635 1392 seu
657 1323 870 1410 novitatem,
903 1323 964 1393 sed
989 1335 1134 1415 propter
1154 1343 1231 1388 me-
1281 1322 1389 1388 stam.
1431 1313 1635 1388 Nectamen
1651 1320 1809 1407 castitas,
1834 1335 1896 1392 aut
1913 1323 2277 1418 reliquaobedientia
2343 1351 2346 1396 t

240 1427 388 1497 diatoris
412 1425 650 1495 obedientiam
675 1439 710 1497 et
734 1426 1021 1496 intercessionem
1038 1447 1103 1517 per
1123 1422 1232 1491 mise·
1283 1419 1321 1486 in
1347 1411 1494 1509 loseph,
1527 1433 1603 1491 erat
1635 1420 1789 1506 iustitia,
1820 1437 2098 1520 propterquam
2124 1451 2276 1518 persona
2343 1455 2346 1502 t

240 1528 451 1612 ricordiam,
476 1528 559 1622 qnia
583 1528 620 1596 in
644 1521 803 1624 haesita
826 1529 969 1600 suntin
993 1527 1042 1598 eis
1061 1520 1231 1618 reliquiae
1283 1535 1357 1593 erat
1371 1521 1481 1602 iusta,
1506 1536 1567 1592 aut
1583 1547 1672 1616 quae
1691 1527 1803 1618 possit
1815 1527 1951 1618 opponi
1967 1527 2101 1598 iudicio
2118 1527 2201 1605 Dei.
2345 1539 2346 1608 t

239 1629 384 1724 pcccati.
418 1626 646 1726 'Quanquam
665 1629 775 1722 igitur
787 1631 848 1700 illa
863 1631 1002 1702 novitas
1017 1630 1130 1724 placet
1144 1624 1232 1711 Deo,
1384 1620 1486 1692 Hauc
1508 1619 1701 1696 antithesin
1720 1623 2115 1719 dogmatisOsianclrici
2138 1645 2173 1702 et
2192 1655 2269 1702 sen·
2345 1661 2346 1714 t

241 1745 280 1803 nt
305 1732 596 1824 posteadicetur,
617 1742 736 1803 tamen
757 1731 890 1820 sciunt,
915 1731 1232 1802 ininlinituman-
1285 1724 1431 1794 tentiam
1457 1741 1660 1798 nostrarum
1683 1725 1923 1801 Ecclesiamm
1945 1729 2187 1818 recitavimus,
2226 1749 2262 1806 ut
2345 1747 2346 1816 t

239 1827 457 1906 referendam
480 1857 554 1904 esse
577 1855 660 1905 suae
688 1835 837 1906 novitati
861 1835 1100 1906 obedientiam
1124 1845 1160 1904 et
1175 1833 1232 1902 iu·
1283 1828 1394 1918 magis
1420 1829 1576 1922 conspici
1607 1832 1796 1924 praecipua
1822 1834 1980 1904 membra
2012 1835 2255 1905 controversiae

239 1937 489 2008 tercessionem
505 1937 731 2026 mediatoris,
755 1939 845 2011 sicut
862 1939 979 2035 inquit
995 1937 1141 2008 Paulus:
1168 1957 1231 2004 so·
1283 1931 1437 2020 possint,
1463 1945 1498 2001 et
1521 1945 1562 2004 ut
1583 1933 1823 2024 intelligatur,
1856 1959 1921 2009 cur
1936 1937 2066 2026 dogma
2082 1931 2250 2006 Osiandri-

240 2033 498 2132 masctacttw)
515 2035 554 2106 in
572 2031 713 2111 dilecto.
758 2037 805 2112 Et
821 2036 952 2134 prcs.
968 2041 1022 2112 ta:
1048 2059 1232 2136 perquem
1282 2056 1362 2101 curn
1384 2034 1643 2126 improbemus:
1670 2037 1902 2108 simuletiam
1926 2033 2012 2108 hinc
2034 2037 2178 2110 iudicari
2198 2062 2255 2130 po-

240 2133 420 2211 bohemus
436 2159 617 2210 accessum
633 2137 673 2233 ³¹)
691 2135 881 2235 infiducia
897 2165 962 2236 prr
971 2137 1083 2234 fidem
1101 2138 1231 2236 ipsius.
1283 2145 1349 2204 test
1364 2131 1426 2231 ³⁶),
1459 2129 1528 2207 hoc
1549 2151 1725 2209 certamen
1745 2163 1820 2210 non
1843 2161 1918 2210 esse
1940 2135 2185 2240 λογομαχίαν,
2208 2141 2264 2210 sed

343 2239 399 2312 De
416 2237 484 2313 hoc
507 2243 656 2314 articulo
679 2246 865 2338 praecipue
881 2246 1025 2316 dimicat
1041 2240 1232 2327 Osiander,
1281 2239 1557 2308 controversiam
1569 2243 1617 2310 de
1633 2242 1739 2311 rebus
1752 2243 1900 2334 magnis,
1918 2242 1962 2314 de
1980 2245 2122 2336 proprio
2136 2237 2268 2314 honore

242 2357 277 2414 et
292 2345 492 2430 contendit,
516 2340 698 2416 hominem
716 2345 850 2418 iustum
870 2369 942 2418 esse
961 2360 1104 2440 propter
1126 2339 1232 2413 inha-
1284 2351 1319 2408 et
1333 2340 1448 2408 officio
1464 2342 1680 2428 mediatoris,
1697 2345 1752 2413 'de
1764 2367 1846 2414 vera
1863 2346 2104 2416 consolatione
2119 2347 2271 2442 piorum,

241 2443 450 2518 bitationem
477 2445 564 2532 Dei,
601 2462 645 2519 ut
679 2449 753 2539 ipse
782 2448 959 2542 loquitur,
992 2473 1054 2518 scu
1088 2461 1233 2540 propter
1283 2443 1327 2508 de
1348 2442 1554 2512 discrimine
1576 2469 1809 2536 personarum
1831 2448 2053 2534 divinarum,
2081 2449 2128 2519 de
2149 2448 2273 2518 discri-

180 2604 187 2624 .
239 2545 357 2619 Deum
374 2543 646 2636 inhabitantem,
672 2571 745 2620 non
767 2563 913 2644 propter
926 2550 1131 2622 mediatoris
1145 2549 1233 2619 obc-
1282 2541 1378 2613 mine
1393 2543 1497 2634 Legis
1519 2559 1553 2615 el
1567 2545 1774 2639 Evangelii,
1801 2550 1845 2620 de
1861 2547 2043 2634 intellectu
2059 2552 2274 2644 PNPOSlliO·

240 2649 432 2736 dientiam,
472 2669 548 2720 non
580 2651 752 2746 imputata
784 2652 920 2724 iustitia
944 2651 1148 2724 mediatoris
1169 2674 1233 2744 per
1282 2644 1353 2714 nis:
1375 2640 1458 2738 fide
1473 2642 1729 2740 t'ttsttficamur.
1779 2649 1834 2721 Ne
1848 2653 1922 2743 ipse
1936 2655 2079 2746 quidem
2094 2649 2274 2724 Osiandcr
2344 2691 2346 2760 p

238 2751 533 2828 misericordiam,
570 2747 620 2824 Et
643 2755 936 2848 propositionem:
953 2749 1035 2848 fido
1053 2747 1232 2846 melficta.
1282 2747 1396 2818 videri
1419 2750 1549 2836 voluit,
1578 2745 1640 2822 has
1666 2773 1745 2823 suas
1767 2754 1924 2825 rabiosas
1940 2755 2190 2827 contentiones
2206 2775 2273 2826 esse
2343 2793 2346 2862 ἐκ

240 2876 344 2940 mar,
369 2855 419 2924 sic
436 2853 648 2948 corrumpit:
674 2855 743 2928 fide
759 2853 1083 2955 praeparamur³²),
1104 2855 1231 2928 utalia
1281 2861 1419 2920 tantum
1435 2849 1679 2950 λργομαχίαν,
1702 2877 1906 2949 quanquam
1919 2860 2069 2927 taxanda
2086 2871 2121 2928 et
2136 2859 2273 2950 fugien-
2343 2891 2346 2972 4

239 2975 297 3038 re,
328 2955 461 3028 scillcet
483 2951 706 3030 inhabitante
729 2956 807 3030 Deo
831 2959 915 3034 iusti
939 2959 1060 3035 simus.
1119 2946 1173 3030 Ita
1192 2979 1231 3028 re
1281 2955 1324 3022 da
1348 2967 1422 3024 erat
1444 2955 1519 3024 eius
1533 2957 1646 3026 forma
1662 2958 1852 3050 loquendi,
1874 2959 2012 3033 etiamsi
2028 2973 2118 3030 esset
2132 2972 2266 3031 tanmm

238 3059 315 3152 ipsa
332 3060 435 3143 dicit,
466 3058 895 3153 qnodPapistaedicunt,
926 3085 1047 3134 snmus
1066 3061 1230 3133 iustino-
1281 3051 1500 3153 λογομαχία.
1550 3055 1625 3130 Cur
1649 3059 1749 3128 ¹euim
1765 3055 1807 3156 ³²)
1837 3062 1943 3131 rebus
1968 3077 2062 3133 reete
2092 3061 2267 3154 explicatis
2337 3129 2346 3178 t

239 3161 369 3247 vitate,
393 3161 462 3230 nisi
479 3163 576 3256 qnod
596 3164 759 3244 nominat
780 3189 939 3246 causam,
961 3165 1026 3236 ubi
1041 3161 1231 3235 nominant
1281 3157 1411 3229 offudit
1427 3154 1472 3254 ³⁸)
1492 3159 1678 3250 caliginem
1699 3161 1803 3232 novis
1824 3161 1969 3233 verbis?
2016 3160 2123 3236 Certe
2139 3165 2265 3234 obscu-
2332 3156 2346 3280 s,

239 3261 401 3355 Papistee
430 3263 605 3334 effectum.
648 3263 786 3336 Sumus¹
810 3265 895 3338 iusti
924 3263 1000 3337 Deo
1030 3289 1096 3338 nos
1123 3289 1230 3336 reno·
1280 3274 1379 3330 ratur
1409 3261 1613 3333 mediatoris
1635 3263 1811 3348 officium,
1843 3287 1924 3336 eum
1949 3265 2055 3338 dicit:
2088 3260 2191 3336 bomo
2214 3275 2262 3334 cst
2338 3346 2342 3356 Ι

239 3366 356 3440 iente.
406 3361 572 3436 Detrahit
591 3367 700 3456 igitur
722 3361 896 3438 honorem
914 3369 1071 3439 debitum
1094 3367 1230 3437 media·
1280 3361 1593 3434 instus'essentiali
1618 3365 1770 3453 iustitia3
1809 3377 1845 3435 et
1866 3365 2074 3440 discrimina
2097 3385 2255 3458 paone·
2333 3360 2346 3402 'l

239 3469 327 3550 tori,
359 3479 394 3537 et
417 3467 582 3538 obscurat
603 3467 885 3556 magnitudinem
911 3469 1060 3560 peccati,
1086 3483 1120 3539 et
1135 3469 1230 3539 delet
1271 3475 1361 3534 'rum
1381 3465 1584 3536 divinarum
1608 3468 1897 3555 contunduntur,
1932 3482 1968 3542 et
1987 3473 2169 3542 verborum
2188 3465 2254 3535 ob·
2342 3443 2346 3490 ¹

239 3567 519 3638 consolationem
560 3569 786 3660 praecipuam
833 3569 977 3666 piorum
1016 3583 1051 3642 et
1085 3571 1231 3642 adducit
1282 3567 1429 3637 scuritas
1444 3581 1480 3640 et
1501 3567 1564 3646 illa
1579 3561 1764 3662 θαύματα
1782 3561 1960 3666 ῥημάτων
1981 3567 2262 3664 gignantinpo-
2343 3549 2346 3594 ¹

239 3665 357 3764 cos³⁸)
388 3669 427 3736 iu
457 3683 663 3760 perpetuam
690 3667 962 3744 dubitationem.
1021 3671 1104 3744 Non
1134 3673 1229 3743 enim
1280 3669 1365 3759 pulo
1383 3669 1539 3741 disemos
1555 3672 1753 3763 opiniones,
1777 3673 1876 3743 unde
1893 3673 2060 3746 oriuntur
2076 3671 2272 3745 discordia

239 3784 352 3864 potest
368 3791 441 3840 esse
456 3766 560 3856 fides,
586 3771 655 3842 nisi
672 3769 852 3846 intueatur
874 3772 1143 3868 promissionem
1160 3775 1230 3844 mi·
1279 3769 1460 3862 publicae,
1485 3774 1667 3859 lectiones,
1691 3775 1784 3857 odia,
1808 3787 2006 3847 contemtos
2023 3776 2273 3848 ministrmus

237 3872 451 3944 scricordiae
480 3873 526 3942 de
555 3869 761 3952 mediatore.
818 3873 892 3947 Nec
922 3892 974 3952 est
1005 3873 1230 3966 inhabitatio,
1280 3887 1372 3942 recte
1385 3885 1419 3943 ct
1437 3874 1649 3966 simpliciter
1660 3876 1877 3962 docentium,
1902 3889 1939 3950 et
1952 3877 2021 3948 alia
2037 3877 2170 3964 multe,
2189 3895 2273 3973 qun

238 3969 308 4046 nisi
332 3970 398 4044 hae
422 3974 491 4042 lide
514 3989 652 4067 accepta
675 3978 721 4049 sit
744 3979 952 4056 consolatio.
1004 3976 1059 4052 Ac
1080 4003 1229 4072 praepo-
1278 3975 1473 4046 discordias
1490 3977 1651 4069 publicas
1665 3978 1892 4053 comitantur.
1942 3977 2063 4068 Quare
2080 3979 2280 4051 fideliani·
2337 3992 2342 4004 ’

2336 3759 2346 3806 l

2343 3837 2346 3910 l

236 4095 327 4151 stera
350 4076 405 4146 via
429 4077 581 4146 docendi
605 4079 808 4171 est:*prius
829 4085 972 4152 credere
994 4079 1228 4153 inhabitatio·
1280 4099 1337 4145 mo
1372 4081 1561 4150 suademus
1591 4082 1759 4150 omnibus
1793 4081 2093 4172 guberflflwt'lbffl
2126 4083 2281 4178 ubiquh
2338 4063 2346 4116 i

236 4203 337 4262 nem,
363 4189 482 4271 postes
498 4177 742 4248 remissionem
763 4197 995 4272 peccatorum.
1044 4182 1137 4258 Cu'tn
1160 4183 1228 4274 igl-
1278 4173 1340 4268 qui
1361 4179 1495 4266 sciunt,
1530 4181 1568 4249 ln
1593 4178 1761 4252 Ecclesiis
1783 4183 1858 4252 suis
1878 4173 2049 4254 hactenus
2070 4185 2284 4258 doctrinam
2343 4173 2346 4216 l

234 4299 294 4356 tnr
310 4297 344 4354 et
358 4283 490 4351 falsum
505 4279 551 4350 sit
567 4273 814 4352 hocOsiandri
829 4285 968 4374 dogma,
993 4299 1029 4356 et
1042 4285 1226 4358 couscien-
1275 4275 1462 4369 Evangelii
1479 4296 1572 4353 recte
1588 4285 1753 4354 traditam
1770 4304 1854 4370 esso,
1880 4307 1926 4353 ne
1940 4286 2133 4356 admittant
2153 4289 2285 4358 defen-
2338 4306 2343 4312 ’

235 4383 570 4478 tiispemiciosntn,
602 4381 811 4472 fugiendum
827 4398 861 4454 et
876 4388 1119 4458 damnandum
1138 4401 1200 4458 est.
1276 4381 1411 4450 tionem
1435 4377 1641 4454 Osiandrlci
1664 4387 1855 4477 dogmatis,
1895 4385 2032 4456 'etiamsi
2054 4387 2137 4482 quis
2176 4381 2286 4487 [ten-
2338 4379 2346 4420 '¹

336 4487 530 4577 Quomodo
550 4495 669 4554 mrtem
690 4485 830 4555 novitas
853 4485 891 4554 iu
915 4487 1047 4556 renatis
1061 4489 1107 4561 sit
1122 4489 1225 4561 iusti·
1276 4478 1434 4580 tum]³⁹)
1459 4479 1524 4555 hac
1548 4487 1772 4560 excusatione
1794 4487 1849 4559 ntl
1874 4487 1978 4575 vellt,
2009 4489 2105 4583 quod
2129 4503 2285 4562 tantem
2343 4481 2346 4526 ⁴

233 4589 302 4674 tls,
326 4591 468 4680 copiose
483 4587 522 4658 iu
536 4586 669 4656 nostris
685 4583 854 4658 Ecclesiis
868 4587 1078 4661 declaratur.
1112 4587 1222 4662 Aliud
1276 4585 1466 4655 verborum
1486 4587 1659 4659 dissensio
1684 4591 1752 4675 sit,
1783 4603 1818 4660 et
1831 4603 1979 4684 quaerat
2000 4591 2207 4663 concinnas
2226 4594 2288 4662 lo·
2343 4581 2346 4626 ‘⁴

233 4703 305 4771 est,
330 4715 401 4782 quo
424 4682 719 4782 personaloseph
741 4689 832 4761 iusta
857 4702 910 4760 est
931 4711 1049 4759 coram
1065 4689 1160 4772 Deo,
1185 4691 1224 4762 id
1276 4688 1554 4776 terpretationes.
1603 4687 1707 4762 Certe
1724 4692 1787 4786 qui
1802 4691 2012 4762 delinitione
2028 4693 2208 4776 dissidet,
2235 4697 2286 4764 ds
2345 4681 2346 4730 t

233 4805 286 4864 cst
307 4791 532 4864 reconciliata
555 4804 590 4862 et
604 4791 685 4864 Deo
701 4803 841 4886 accepta
858 4815 922 4864 seu
937 4791 1099 4886 placens3
1125 4793 1223 4864 aliud
1275 4801 1345 4856 tota
1364 4789 1593 4864 redissentit.
1643 4791 1783 4865 Scimus
1800 4793 1964 4888 ambigue
1981 4794 2075 4868 dico
2089 4819 2175 4870 non
2195 4821 2288 4892 pro·

1276 4975 1497 4994 *unt—-

264 5107 314 5179 99)
331 5105 379 5164 Sic
395 5105 459 5164 cod.
476 5105 562 5164 Gau.
579 5109 620 5167 19.
636 5127 689 5184 pro
705 5113 924 5168 mmmm.
1305 5095 1353 5165 94)
1371 5095 1441 5155 cot.
1459 5097 1542 5158 Goth.
1563 5100 1605 5159 19.
1622 5111 1774 5160 renovato.

261 5195 309 5264 Ν)
327 5195 426 5262 stent)
443 5192 506 5250 eod.
522 5189 610 5250 Goth.
623 5193 666 5250 19.
682 5212 735 5270 pro
750 5197 854 5256 allecti.
1303 5181 1349 5252 85)
1366 5181 1442 5240 Text.
1459 5184 1584 5259 impreco.
1600 5189 1738 5244 inchoato
1753 5183 1823 5260 ieg'!
1838 5191 1868 5244 in
1885 5205 1933 5260 re,
1955 5195 2039 5266 quur.

260 5281 306 5351 ΙΙ)
328 5278 398 5337 cod.
417 5277 501 5338 Gon.
518 5276 563 5334 19.
584 5281 723 5338 mom
739 5299 886 5340 murem
908 5297 962 5356 pro
979 5283 1120 5338 Momm
1135 5297 1218 5338 m.
1304 5267 1350 5336 ³6)
1368 5267 1446 5328 Text.
1461 5271 1549 5368 impr.
1563 5275 1665 5340 pond.

294 5354 371 5406 ders.
1302 5353 1349 5422 st)
1366 5351 1443 5408 Text.
1460 5371 1543 5426 smpr.
1561 5372 1637 5414 erro.

258 5435 306 5508 11)
316 5437 379 5508 fico
389 5431 613 5506 ammae]
630 5443 690 5488 aaa
706 5431 834 5506 legentur
849 5433 879 5491 lo
897 5433 963 5492 sod.
981 5431 1066 5493 (tota
1078 5433 1121 5492 19.
1302 5435 1347 5506 19)
1366 5435 1437 5493 Cocl.
1451 5435 1538 5496 Goth.
1553 5439 1592 5495 19.
1610 5441 1737 5510 offam.
2098 5467 2101 5475 ¹

255 5521 301 5592 11)
320 5521 389 5582 cod.
408 5517 495 5584 Goth.
509 5519 551 5578 19.
569 5533 619 5576 ees
633 5531 687 5592 pro
702 5523 766 5572 troc.
1177 5537 1183 5546 ·
1300 5523 1346 5596 19)
1363 5521 1435 5581 coc.
1451 5521 1538 5585 Goth.
1556 5523 1599 5583 19.
1616 5519 1825 5599 pnnerniuit'.
1842 5535 1919 5590 recta
1935 5536 1970 5588 rt
1986 5531 2106 5594 sidon.
