4782 6182
189 218 263 291 au
764 204 1207 318 uarsronapuu
1236 153 1473 310 ernau
1527 207 1663 306 ress.
2163 205 2240 280 roa
2319 300 2320 348 Ν

194 393 334 470 doctos,
360 411 400 456 ac
419 385 550 456 virtute
568 380 807 454 eruditionem
830 395 1010 458 ornantes.
1062 377 1191 452 'l'alem
1241 379 1312 456 bat.
1377 379 1470 452 lllud
1511 383 1642 468 miror,
1684 381 1875 477 suspiciose
1912 407 1976 454 vos
2008 383 2238 476 interpretari

195 517 276 562 curn
297 505 331 561 te
356 513 428 559 esse
453 489 581 574 sciam,
615 498 649 555 te
671 497 705 555 et
730 507 901 568 veneror,
936 499 971 556 et
993 487 1121 576 diligo,
1159 496 1193 555 et
1241 481 1338 577 quorl
1363 485 1549 559 nouveni.
1599 483 1749 576 Diligia
1773 510 1829 556 me
1853 480 2239 556 hominesMarchicos

197 591 349 686 optarim
365 611 421 660 me
444 613 545 683 posse
567 601 602 660 ct
620 585 830 656 iudiciisnei
855 587 1009 660 illustria
1033 589 1193 658 testimo·
1242 585 1353 658 multa
1377 588 1588 678 signasunt.
1639 585 1764 660 Habeo
1787 583 2142 683 liliasMarcbicas³)
2164 589 2240 658 vir-

198 697 258 768 nia
272 694 478 777 ostendere,
500 705 536 764 et
551 691 664 782 reipsa
680 689 746 760 tibi
764 689 981 764 benefacere.
1031 687 1136 770 Nunc
1154 687 1194 756 in
1242 701 1317 759 tute
1340 701 1374 756 et
1394 691 1508 759 sorma
1530 689 1703 762 divinitus
1727 705 1888 776 ornatas,
1920 715 2011 784 quae
2033 685 2127 760 mihi
2147 709 2238 761 certe

199 797 267 870 bac
297 797 461 868 fortunae
493 806 634 864 nostrae
667 791 858 877 tenuitate,
892 806 1010 863 tamen
1040 790 1194 862 amicitia
1243 805 1326 860 suut
1346 792 1556 866 carissimae.
1608 790 1736 865 Multis
1762 791 1887 863 officiis
1903 794 2008 862 etiam
2026 793 2240 864 coniunctus

200 899 345 972 virtutis
362 919 463 969 causa
481 895 629 967 colatur.
679 891 856 964 Proximis
874 893 943 964 tuis
965 893 1076 964 literis
1094 893 1195 964 valdo
1243 915 1322 960 sum
1346 918 1424 964 curn
1447 895 1569 966 multis
1598 896 1857 986 praestantibus
1883 895 1971 966 viris
2001 895 2039 964 in
2062 890 2242 969 Marchia.

203 997 501 1074 deleitatussum.
552 995 703 1066 Librum
721 1009 821 1066 tuum
847 989 930 1090 περὶ
954 989 1108 1070 δείπνου
1128 1019 1196 1068 κυ-
1243 991 1292 1064 Εῑ
1320 995 1351 1062 si
1382 997 1517 1090 aliquid
1534 995 1562 1090 ‘)
1592 982 1763 1068 tribuitur
1779 995 1805 1090 ὗ)
1836 996 1921 1067 meis
1953 997 2113 1089 scriptis,
2156 993 2242 1068 haec

204 1107 336 1202 (tineosi
352 1101 514 1172 existimo
532 1121 589 1169 me
605 1097 749 1197 Hosero
766 1100 966 1174 tradidisse.
1018 1099 1197 1170 Dimicant
1244 1096 1349 1166 etiam
1378 1101 1569 1169 ostendunt
1593 1092 1754 1194 mealsn⁶)
1788 1099 2021 1169 reverentiam
2045 1121 2128 1189 erga
2155 1098 2243 1170 lllo·

204 1211 248 1277 de
264 1229 304 1275 ea
325 1203 531 1300 quaestione
552 1205 642 1272 duae
659 1199 946 1272 bellicosissimae
969 1215 1089 1290 gentes
1104 1193 1198 1272 Hel·
1246 1198 1436 1270 strissimos
1455 1199 1641 1294 Principes
1658 1197 1906 1286 Marcbiones,
1930 1215 2027 1272 ortos
2049 1225 2070 1271 a
2090 1203 2245 1272 nobilis·

206 1304 318 1378 vetica
337 1320 373 1378 et
387 1297 645 1402 Saxonica*),
672 1317 706 1374 et
728 1304 897 1397 utrinque
914 1327 970 1372 res
990 1303 1197 1374 involvitur.
1246 1302 1335 1370 sima
1359 1297 1610 1392 Guelpborum
1632 1303 1752 1396 stirpe.
1803 1302 1993 1394 Propterea
2019 1304 2246 1395 suspiciones

206 1409 320 1502 Saepe
341 1423 481 1482 nostros
506 1403 666 1478 hortatus
694 1431 789 1494 sum,
821 1422 863 1476 ut
883 1405 1133 1498 colloquantur
1154 1406 1199 1476 de
1247 1404 1327 1474 illas
1349 1429 1429 1474 cum
1447 1407 1571 1476 dolore
1586 1403 1676 1495 tagi,
1716 1403 1764 1477 Et
1785 1429 1849 1494 ego
1872 1401 1980 1474 bomo
2003 1419 2149 1498 apertus
2169 1431 2247 1479 non

205 1513 321 1584 forma
335 1523 427 1582 certa
444 1511 653 1588 verborum,
676 1532 750 1600 qua
765 1507 878 1576 nostri
894 1531 1017 1576 omnes
1035 1507 1200 1580 similiter
1247 1507 1404 1576 delector
1426 1503 1494 1576 hoc
1517 1529 1645 1598 genere
1670 1506 2020 1599 interpretationum,
2046 1531 2128 1578 essm
2154 1510 2198 1582 D.
2219 1509 2247 1603 ⁷)

207 1627 403 1688 uterentur.
456 1604 649 1680 Ostendes
664 1605 754 1678 banc
778 1610 1056 1702 propositionem
1074 1609 1199 1680 ‹leien-
1249 1608 1510 1679 Paulusdieat:
1533 1606 2091 1706 dilectiononestsuspiciosa⁸).
2140 1611 2242 1682 Bene
2276 1630 2284 1647 “

208 1717 330 1788 debat:
359 1713 427 1784 lste
444 1712 553 1784 Panis
572 1727 623 1782 est
638 1710 746 1784 Deus.
797 1705 944 1782 Paulus
969 1711 1104 1804 inquit,
1129 1736 1199 1808 pn·
1249 1713 1373 1783 valete.
1427 1709 1558 1801 Magna
1576 1737 1655 1804 pars
1671 1709 2002 1802 Constantinopolis
2016 1727 2237 1784 terraemotu

210 1816 269 1888 nis
286 1825 337 1888 est
351 1811 531 1890 κοινωνία
546 1805 738 1905 σώματος,
767 1818 810 1882 de
832 1840 899 1884 usu
919 1815 1081 1908 loquens.
1129 1813 1197 1886 Sed
1250 1813 1393 1882 disiecta
1408 1807 1438 1901 9)
1466 1827 1535 1898 est,
1578 1829 1612 1884 et
1646 1815 1751 1885 multi
1781 1809 1944 1885 homines
1971 1815 2118 1908 oppressi
2144 1829 2232 1886 sunt

208 1921 336 1994 omitto
351 1917 640 2010 disputationem.
690 1915 762 1986 Nee
778 1917 883 1986 velim
902 1929 936 1988 te
958 1919 1102 1990 illarum
1125 1917 1202 1988 bel·
1251 1915 1367 1986 ruinis
1385 1911 1437 2007 ὀ).
1488 1914 1585 1988 Deos
1600 1929 1761 2012 protegat
1774 1930 1809 1987 et
1823 1919 1998 2008 gubernet
2011 1914 2136 2010 ποθ’).

208 2023 398 2094 licosarum
423 2017 580 2108 gentium
603 2019 742 2110 praeliis
758 2019 909 2090 misceri.
959 2015 1038 2110 Ego
1060 2043 1202 2115 quoque
1994 2031 2204 2132 Phffippm

210 2137 355 2216 expecto
380 2121 540 2214 piorum,
573 2134 607 2191 et
637 2123 857 2200 eruditorum
889 2121 1129 2216 colloquium,
1161 2135 1203 2192 ut
1266 2129 1269 2136 '

211 2250 289 2400 unlae
306 2223 432 2398 sim4ili¹s
450 2225 565 2396 lforma
591 2225 684 2294 inter
711 2247 777 2296 nos
799 2223 1047 2299 constituatur.
1105 2220 1203 2294 Bene
1254 2252 1287 2321 (a,
1305 2247 1422 2318 pagana
1439 2251 1474 2303 a,
1492 2248 2177 2391 rmaP⁰1ll”·hll⁰‘mmmmm'⁸¹
2195 2249 2250 2308 est

210 2353 253 2400 va
289 2379 301 2404 ι
378 2382 385 2398 1
427 2327 502 2402 nii·
1722 2339 1786 2380 fll'llr

1355 2439 1585 2514 Consuetudo
1599 2442 1667 2515 luit
1682 2442 1950 2533 Romanorum,
1975 2443 2207 2518 Graecorum
2221 2461 2254 2518 et

749 2547 1195 2565 ’““““““”’“’“’”““”“”
1255 2541 1497 2626 Ebraeorum,
1536 2545 1694 2636 singulos
1717 2547 1815 2617 viros
1836 2549 1889 2618 uti
1916 2551 2055 2620 duabus
2076 2551 2254 2623 vestibus.

225 2696 259 2766 N
310 2695 411 2768 6025
747 2648 755 2660 '
936 2698 1014 2778 (stre
1030 2699 1048 2760 d
1081 2693 1207 2781 elul)
1257 2647 1411 2718 lnterior
1424 2645 1678 2718 nominabatur
1692 2649 1802 2718 latine
1815 2647 1960 2734 tunica,
1986 2673 2114 2740 graece
2135 2667 2171 2724 et
2192 2649 2254 2723 he-

216 2722 430 2834 *ῗὶηρ
947 2793 1202 2834 ...ρ
1257 2751 1375 2821 braice
1394 2741 1524 2842 χιτών,
1551 2749 2254 2846 exquavoceesttunlcapermelatbe·

479 2881 557 2970 Ge·
589 2883 916 2970 Rumonem·
1257 2854 1312 2923 siu
1330 2853 1524 2924 literarum.
1574 2849 1941 2942 Etliguraluittalis,
1969 2856 2086 2950 qualis
2107 2857 2251 2948 conspi-
2364 2863 2366 2926 ζ

1257 2957 1349 3026 citur
1361 2952 1498 3026 Romae
1513 2954 1552 3022 in
1566 2956 1742 3025 veteribus
1758 2956 1894 3042 statuis,
1915 2981 1990 3028 non
2003 2959 2165 3028 multum
2181 2959 2252 3028 dis-

281 3043 545 3172 Maltana:
557 3045 667 3172 §tta
680 3074 734 3172 ..
747 3043 1207 3186 .11.’;..·;;1111·.ἕ131·
1256 3059 1390 3128 sues
1410 3057 1491 3124 ue
1507 3057 1655 3142 flam
1680 3081 1785 3150 aa
1891 3054 2252 3130 adunate

316 3185 417 3252 aufin-
451 3187 557 3257 apogr.
575 3185 603 3238 in
626 3185 689 3240 cod.
705 3185 788 3240 Paris.
806 3182 843 3243 D.
857 3183 887 3238 L.
901 3185 966 3238 5⁴³.
1008 3184 1207 3256 Aurognpsnn
1259 3155 1358 3245 rocls,
1378 3162 1437 3228 sed
1463 3172 1581 3228 tamen
1599 3159 1749 3229 demissa
1770 3161 1815 3228 ael
1835 3183 1967 3249 genua,
1993 3163 2050 3231 vel
2070 3166 2178 3253 paulo
2196 3164 2251 3232 iu-

316 3253 492 3336 inscriptione
507 3263 598 3322 caret,
617 3273 730 3323 eamque
745 3253 869 3308 dedimus
882 3252 928 3306 laic
941 3253 1091 3306 exManlio
1104 3264 1130 3306 et
1143 3252 1206 3306 eod·
1258 3265 1322 3336 sm.
1374 3257 1539 3330 Experior
1569 3261 1673 3330 vespis
1702 3258 1866 3332 Romami
1897 3277 1974 3335 erat
2005 3266 2118 3358 Μεθ’
2149 3265 2241 3334 mh„

315 3319 452 3376 Paus-
487 3321 627 3394 Pegellatn
644 3324 676 3376 de
690 3333 752 3392 toga
766 3334 793 3377 et
809 3319 909 3392 pallio,
934 3321 999 3375 huie
1016 3319 1145 3392 epistolae
1160 3321 1206 3374 io-
1410 3365 1416 3378 .
1458 3365 1464 3380 .
1509 3364 1544 3379 ..
1722 3363 1730 3378 .
1938 3367 1946 3383 .
2062 3368 2071 3383 .

317 3390 390 3445 clu„
404 3411 457 3446 mc
472 3390 693 3457 Manfimhabgt'
712 3409 765 3446 nec
780 3389 861 3443 min
874 3389 1050 3458 alllssssflpllo.
1083 3387 1207 3444 Sep-”vll
1258 3367 1367 3454 figura
1382 3363 1564 3432 dlSSlllllllS
1580 3377 1631 3432 est
1648 3361 1754 3453 pallio
1777 3378 1810 3434 et
1835 3379 1966 3437 nostrls
1981 3369 2134 3438 Vestlblis
2146 3376 2234 3432 exie·

316 3477 375 3544 2³!ss
395 3459 557 3515 ⁰⁰⁶·P⁸¹l⁵·
597 3478 678 3530 ‘⁴1⁰⁰
698 3459 773 3512 ittam
787 3457 832 3512 ¹¹⁵⁰
845 3458 1008 3514 addidimus.
1044 3457 1106 3516 vid.
1126 3457 1205 3514 ‘²³⁸⁰
1258 3467 1423 3540 rioribus.
1473 3459 1674 3535 Estautem
1697 3465 1807 3554 ligura
1834 3466 1930 3549 talis,
1957 3469 2078 3561 qualis
2101 3469 2242 3538 insele-

317 3527 697 3618 ⁸J’¹'L⁸d3⁰⁰hb⁰¹‘d'm
711 3525 862 3600 napus.
1258 3571 1357 3640 ribus
1391 3567 1516 3638 statuis
1541 3563 1679 3638 Rornae
1712 3567 1880 3638 cernitur.
1929 3567 2034 3640 Nodo
2063 3571 2185 3640 iuncta
2212 3568 2252 3638 in

202 3657 207 3668 ’
238 3678 453 3756 Reverendo
480 3683 558 3754 piro
582 3676 789 3780 Georgia,
813 3679 1181 3774 Busshholtzew,
1257 3667 1406 3770 laumero
1434 3668 1596 3754 sinistro,
1635 3681 1670 3739 et
1697 3669 1736 3738 in
1761 3669 1871 3741 latere
1896 3670 2041 3743 sinistro
2059 3666 2103 3770 ¹²)
2133 3688 2256 3766 aperta

237 3785 449 3884 praeposito
480 3783 712 3873 Berlinensi,
748 3789 869 3860 amice
900 3798 933 3860 el
957 3788 1085 3890 fratri
1112 3812 1181 3862 suo
1262 3840 1493 3858 .....-.-

617 3887 811 3963 carissimi.

215 4023 263 4112 S.
290 4037 338 4110 D.
389 4035 600 4112 Reverende
621 4039 676 4108 vir
697 4053 732 4111 et
755 4040 934 4111 carissime
957 4043 1075 4112 irater.
1126 4035 1205 4114 Oro

212 4141 327 4212 lilium
344 4139 430 4226 Dei,
457 4157 497 4212 ut
520 4143 654 4214 tribuat
675 4145 827 4214 faustum
844 4157 879 4214 et
897 4144 982 4214 selis
998 4143 1204 4235 coniugium

214 4243 362 4334 pudicae
385 4243 479 4313 filiae
502 4259 637 4315 vestrae
653 4239 680 4340 ¹)
704 4258 737 4314 et
762 4269 903 4335 genero.
957 4245 1139 4315 Venissern
1160 4248 1204 4316 ad

213 4369 349 4417 sacrum
364 4347 534 4438 nuptiale,
550 4348 579 4416 si
596 4371 638 4416 eo
654 4360 811 4438 tempore
827 4349 971 4418 luissent
987 4349 1099 4420 dorni.
1133 4348 1202 4420 Sed

212 4447 391 4538 profectus
422 4473 516 4518 eram
551 4451 737 4542 aliquanto
771 4464 853 4520 aute
888 4450 930 4520 ad
965 4463 1202 4539 aegrotantem

91 4579 95 4586 ·
212 4543 462 4620 Mallhesium
480 4551 517 4622 iu
534 4553 662 4622 vallem
683 4546 930 4622 loachimicam
945 4543 988 4642 2).
1042 4549 1108 4622 llla
1130 4554 1203 4620 sola

214 4675 316 4721 causa
331 4653 539 4746 impedivit,
564 4679 634 4746 quo
650 4653 769 4722 miuus
785 4655 830 4724 ad
850 4676 912 4721 vos
928 4652 1097 4725 venerim.
1133 4652 1203 4723 sat

213 4754 309 4822 dono
326 4756 481 4824 testabor
496 4779 609 4823 meam
628 4753 929 4834 benevolentiam,
952 4779 1030 4824 curn
1049 4753 1202 4846 primum

213 4849 326 4926 habeo
352 4857 521 4926 nuncium
552 4852 643 4926 milti
667 4871 805 4928 nolum.
864 4855 973 4927 Mitto
996 4859 1040 4928 de
1069 4870 1148 4946 toga
1171 4872 1204 4926 et

210 4957 320 5056 pallio
337 4981 426 5052 quae
447 4961 566 5030 subito
587 4960 733 5050 scripsi,
760 4984 841 5029 nasu
866 4959 1019 5030 nuncius
1037 4983 1202 5051 propera-

213 5129 430 5144 m

246 5233 276 5300 *l
298 5231 429 5288 Calvinus
447 5242 472 5289 et
490 5229 664 5304 wigandus.

247 5325 272 5388 1)
293 5319 423 5374 ludltltas.

244 5407 274 5474 Ξ)
296 5403 326 5456 ld
343 5403 395 5456 iter
407 5400 472 5458 lesit
485 5403 576 5458 medlo
593 5401 671 5456 lunio
691 5401 766 5454 1556.

1290 3949 1319 4018 8)
1336 3945 1446 4012 Sabini,
1470 3943 1754 4016 Brandenburpensis,
1778 3945 1863 4018 salies,
1889 3965 1956 4024 quar
1976 3965 2072 4006 secum
2092 3951 2215 4010 habeba
2232 3961 2258 4008 ,ι

1325 4017 1412 4070 alebat
1430 4013 1602 4070 Melanthos.

1290 4103 1319 4168 1)
1340 4102 1459 4171 aliquid]
1478 4099 1565 4154 Manl.
1580 4101 1657 4170 quid.

1290 4189 1318 4257 5)
1336 4188 1422 4242 Manl.
1442 4187 1571 4240 triburlr's.

1289 4275 1317 4342 6)
1339 4271 1447 4338 rusam]
1467 4269 1736 4326 Mastanabalis.

1290 4359 1318 4426 7)
1338 4356 1391 4421 0.]
1410 4354 1500 4410 Maul.
1518 4351 1551 4409 S.

1289 4443 1318 4508 8)
1335 4441 1423 4497 lllanl.
1440 4441 1477 4494 sit
1496 4443 1641 4508 suspknx.

1289 4528 1317 4599 9)
1334 4529 1464 4594 disiecta]
1482 4525 1549 4582 clar.
1567 4525 1666 4584 Gersd.
1682 4525 1746 4600 legit
1758 4529 1916 4602 dr'strosta,
1940 4539 2008 4606 puto
2020 4552 2051 4589 er
2064 4550 2179 4604 errore,
2198 4535 2255 4591 nisi

1323 4597 1485 4668 legendum:
1503 4599 1657 4653 destructa.

1291 4685 1333 4752 10)
1353 4681 1383 4735 ln
1397 4679 1495 4735 sebeda
1509 4679 1784 4753 academicatpubliee
1799 4681 1875 4736 albia
1892 4681 1934 4806 §a
1949 4681 2062 4756 Scriptis
2077 4689 2152 4758 publ.
2164 4685 2258 4758 ΤΑΙΣ)

1324 4755 1352 4806 d.
1374 4756 1415 4805 ts.
1436 4749 1487 4805 lul.
1510 4751 1585 4805 1556.
1607 4751 1733 4820 leguntur
1757 4751 1837 4806 baec:
1872 4790 1891 4822 ‚,
1925 4773 1992 4826 uper
2008 4783 2044 4796 -
2064 4767 2152 4810 terrae
2172 4767 2255 4812 notu

1325 4837 1421 4890 aragne
1439 4839 1502 4902 pars
1523 4817 1636 4912 ”imm
1658 4819 1769 4875 disiecta
1790 4831 1846 4893 est,
1872 4831 1898 4876 et
1918 4823 2003 4896 ratolti·
2015 4823 2141 4880 homiues
2160 4827 2254 4881 ruinis

1324 4907 1447 4962 oppressi
1466 4897 1539 4944 suut.

1290 4977 1336 5036 11)
1355 4977 1386 5028 ln
1405 4983 1468 5027 auto
1489 4971 1574 5044 rapbo
1591 4971 1682 5028 addita
1702 4981 1783 5042 suot,
1809 4972 1856 5029 sed
1870 4974 1948 5030 oncis
1969 4973 2090 5032 inclusas
2118 4981 2161 5036 1⁴.
2185 4979 2258 5036 Iu!

1322 5061 1400 5096 anno
1426 4991 1500 5096 1552.
1543 5039 1592 5096 sle
1610 5043 1692 5096 etlam
1712 5043 1773 5098 cod.
1796 5041 1880 5097 Paris.
1917 5045 1970 5098 Sed
1992 5045 2129 5101 Manlium
2151 5049 2256 5104 Datne

1324 5116 1349 5165 4.
1367 5111 1436 5166 lists
1445 5127 1523 5164 anno
1536 5111 1610 5166 rats.
1635 5137 1670 5156 -υ
1706 5109 1776 5164 Puto
1790 5110 1999 5166 Melantbooent
2012 5112 2086 5168 diem
2100 5135 2157 5170 nou
2169 5119 2255 5172 asos·

1325 5181 1411 5245 disse,
1438 5179 1483 5232 sed
1498 5178 1716 5236 lluebholzerum
1730 5181 1905 5252 adscripsisse
1919 5182 1991 5238 diem
2006 5192 2032 5236 et
2045 5202 2169 5254 annom,
2194 5205 2255 5259 quo

1324 5251 1469 5372 epidstolant
1486 5249 1599 5322 accepit.
1641 5248 1671 5301 ln
1688 5247 1793 5305 Manlio
1806 5251 1832 5305 4.
1852 5269 1904 5324 pro
1919 5249 1962 5306 14.
1983 5270 2012 5305 es
2034 5249 2136 5307 mendo
2157 5255 2254 5311 debet

1326 5337 1353 5372 vt
1374 5330 1444 5373 etur.

1291 5405 1341 5478 tta
1359 5403 1471 5460 dextro?
