4792 6186
133 307 211 384 693
308 359 317 368 -

133 467 364 554 Clarissimo
381 476 458 550 viro
482 471 685 548 eruditione
707 481 739 545 et
764 471 894 546 uirtute
918 466 1130 570 praestanti

163 579 408 655 Ioocbimo
434 577 707 652 camerario
729 576 856 678 fratri
878 599 947 648 suo
972 571 1102 648 curies.

136 721 188 812 S.
220 734 267 807 D.
323 731 405 802 Non
437 728 594 822 po'e'ticae
620 725 845 796 carnificinae
867 725 960 818 apud
983 721 1128 806 inferos,

135 939 265 1011 hendis
291 935 611 1028 disputationibus,
644 932 802 1021 legibus,
838 926 1128 1022 praefationibus,

135 1039 307 1132 epistolis.
378 1035 483 1107 Nunc
516 1036 714 1124 respondeo
749 1033 884 1123 optimo
918 1031 1038 1101 iuveni
1072 1031 1127 1122 τῷ

137 1142 261 1237 ἔχοντι
287 1138 407 1232 ὄνομα
429 1136 516 1210 υἱοῦ
542 1137 659 1208 decori
682 1131 880 1214 σκιπίισνσς
894 1127 940 1229 ¹),
965 1147 1000 1202 et
1022 1131 1127 1201 volu-

137 1269 223 1317 men
246 1243 359 1315 mitto.
418 1239 506 1310 Heri
529 1241 568 1308 in
594 1237 842 1307 pomeraniam
866 1232 1127 1308 controversiae

136 1344 351 1420 Stetinensis
373 1342 665 1412 diiudicatioucm
682 1339 855 1411 misimus.

241 1443 359 1516 Hodie
380 1447 514 1516 litteras
537 1443 734 1535 accepimus
756 1443 800 1512 de
822 1451 935 1510 morte
951 1433 1128 1508 Electoris

136 1543 327 1624 Friderici
349 1546 510 1622 Palatini.

241 1647 339 1746 Περὶ
358 1653 422 1743 τῆς
443 1645 493 1722 e'u'
511 1639 669 1744 μεθώνῃ
696 1636 861 1717 συνόδου
879 1637 973 1714 nibil
994 1639 1128 1724 audivi,

135 1780 180 1830 ac
196 1779 240 1825 ne
264 1777 349 1824 curo
374 1751 529 1845 quidem.
582 1742 812 1820 αὐλείτωσαν
831 1741 879 1840 δὴ
896 1741 931 1818 οἱ
950 1736 1128 1838 θηβαίων

137 1852 279 1936 παῖδες.
341 1853 411 1924 Sed
438 1849 596 1922 viderint
621 1865 660 1922 ut
692 1849 866 1920 sustinere
901 1845 1037 1941 possint
1063 1839 1128 1914 bos

140 1981 233 2059 quos
252 1955 407 2028 irritant.

142 2163 257 2243 ficate.
284 2184 388 2253 quern
402 2159 460 2228 die
477 2155 520 2232 V.
537 2155 660 2226 Martii
677 2155 831 2246 primum
847 2153 1004 2223 vidimus
1018 2173 1130 2244 prope

138 2266 438 2361 προτρυγητῆρα.
489 2257 558 2330 Hic
574 2246 868 2356 Christophorus
884 2268 977 2326 amat
996 2255 1129 2324 doctrr-

136 2389 223 2437 nam
239 2363 515 2455 Astrologicam,
540 2375 573 2431 et
587 2363 712 2431 docere
729 2374 863 2454 posset,
889 2380 998 2452 quare
1013 2379 1049 2424 se
1061 2353 1128 2426 tibi
1220 2420 1226 2438 ,

137 2468 382 2542 commendari
399 2465 543 2557 petivit,
568 2465 597 2533 si
617 2479 716 2553 potes
732 2487 812 2532 eum
832 2463 973 2540 iuvare,
999 2480 1128 2552 quaeso

137 2594 186 2640 ue
201 2569 292 2639 desis
308 2569 351 2638 ei.
382 2567 479 2638 Bene
495 2568 584 2640 vale.
612 2562 709 2636 Deus
723 2579 756 2636 tc
772 2579 807 2638 et
820 2560 1015 2635 Ecclesiam
1030 2574 1129 2630 tuam

138 2672 369 2742 domesticam
383 2684 418 2740 ct
433 2671 611 2760 publicam
626 2682 752 2741 servet.

243 2769 324 2838 Hoc
349 2794 491 2861 quoque
514 2772 626 2852 addo,
651 2769 720 2838 luit
744 2763 803 2837 hic
826 2759 935 2834 hodie
958 2762 1130 2833 diaconus

139 2883 278 2939 vestrae
296 2864 471 2938 Ecclesiae
479 2863 530 2964 ³),
555 2881 589 2938 et
603 2892 683 2937 cum
697 2877 867 2956 spectaret
882 2863 990 2933 ritum
1011 2862 1132 2953 publi-

142 2993 224 3039 cum
242 2972 307 3062 τῆς
321 2960 509 3061 μυήσεως,
537 2968 632 3038 stetit
646 2969 781 3036 velatus
798 2965 890 3056 pileo
907 2963 1032 3032 faciem
1054 2975 1129 3032 toto

142 3095 185 3141 eo
210 3085 385 3161 tempore,
425 3067 582 3142 fortassis
605 3092 650 3138 ne
672 3093 693 3138 a
717 3091 775 3136 me
798 3065 1027 3152 salutaretur,
1066 3062 1132 3133 etsi

140 3174 394 3264 agnoscebam,
425 3185 545 3243 tamen
579 3169 663 3265 quia
691 3167 834 3260 agnosci
860 3167 1024 3247 nolebat,
1057 3187 1132 3234 non

142 3299 221 3346 sum
244 3274 430 3348 allocutus.
479 3267 558 3362 Ego
579 3295 644 3342 nos
667 3285 701 3343 ct
721 3268 915 3342 Ecclesiam
936 3266 1014 3338 Deo
1037 3291 1134 3336 com-

139 3377 295 3460 mendo,
335 3399 374 3444 ac
404 3399 478 3445 non
504 3376 607 3444 valde
630 3374 775 3444 illorum
797 3371 970 3444 amicitias
995 3381 1134 3460 appeto,

140 3479 206 3574 qui
223 3490 305 3548 suut
318 3491 353 3547 et
372 3479 590 3562 litterarum,
616 3494 650 3547 et
667 3475 896 3567 disciplinae,
921 3485 956 3544 et
975 3471 1135 3542 veritatis

141 3577 274 3654 hostes.
326 3577 460 3652 lterum
480 3579 569 3650 vale.

884 3671 1085 3768 Philippus.

156 4025 227 4102 No.
242 4021 355 4098 69⁴5.

149 4121 366 4162 Μ

472 4205 602 4293 lusto
631 4205 807 4292 Messio.

213 4374 234 4442 *l
252 4369 292 4426 Er
303 4365 471 4440 autogr-ephe
484 4363 552 4424 Mel.
566 4364 595 4420 in
607 4361 670 4419 cot
681 4345 766 4418 Gall.
779 4359 840 4418 884.
855 4358 883 4416 in
896 4359 946 4416 iol.

961 4029 1019 4092 18.
1034 4017 1125 4084 lllart.

957 4108 1130 4140 ...μυ

146 4523 360 4600 Reverendo
384 4523 482 4610 viro,
507 4517 710 4594 eruditione
728 4527 759 4590 et
775 4515 906 4590 virtute
919 4513 1141 4637 praestanti,
1191 4545 1201 4564 ·

147 4629 203 4703 D.
226 4627 360 4702 lusto
386 4623 443 4696 M
447 4624 568 4709 enio,
601 4617 756 4694 Pastori
780 4617 970 4690 Ecclesiae
993 4615 1075 4689 Dei
1098 4615 1139 4688 in

327 4727 413 4801 urbe
429 4719 592 4808 Gottleo,
609 4722 737 4826 fratri
750 4747 819 4794 suo
836 4719 966 4796 curies.

149 4869 199 4962 S.
224 4878 270 4956 D.
320 4873 533 4950 Reverende
555 4873 610 4942 vir
633 4885 668 4943 et
689 4871 1001 4944 carissimelratcr.
1051 4867 1141 4940 Heri

148 4989 271 5059 literas
292 4977 409 5071 accepi
432 4975 581 5067 scriptas
596 4997 615 5044 a
633 4973 711 5046 viro
728 4977 834 5044 docto
850 4987 886 5044 et
901 4972 1041 5064 captivo
1059 4995 1143 5062 pro=

149 5104 230 5185 pter
251 5079 440 5173 Evangelii
462 5077 721 5150 contessionem
738 5067 799 5172 ‘).
839 5075 880 5146 in
903 5075 1034 5169 quibus
1057 5067 1143 5146 baec

154 5241 370 5264 ...ιο-ρ*

189 5321 217 5386 1)
236 5306 472 5371 ΡισΙοἈοσιὶΙὶσ.
499 5304 531 5362 C.
542 5301 615 5370 W..
641 5303 698 5358 imo
714 5299 784 5375 Regi
801 5301 1008 5361 noeentum.

190 5406 221 5475 2)
240 5394 415 5462 Grobientts,
439 5389 587 5464 discipulus
607 5387 728 5444 serrem
747 5388 780 5444 C.
795 5384 853 5444 W.

188 5491 216 5558 e)
235 5479 339 5538 rateto.
376 5473 442 5530 Vis.
454 5491 499 5544 ep.
509 5472 544 5528 ad
559 5471 706 5529 Mordisin.
720 5470 748 5528 d.
763 5471 806 5528 lb.
819 5471 900 5530 nm.

665 281 1152 378 ‘ammoneatur
1199 289 1413 392 maun
1467 287 1599 374 esso.

2095 305 2170 380 ost

1179 481 1278 540 erant
1295 467 1419 540 verba:
1444 462 1493 540 roi
1511 464 1602 540 ὄντα
1619 471 1736 557 intui,
1767 467 1867 546 otta
1882 469 1902 546 ὅ
1917 468 2015 560 θεός.
2055 471 2171 550 Brevi

1180 569 1329 640 ruinam
1347 565 1537 662 Pontpicii
1551 574 1656 666 regni
1669 569 1818 660 videbis,
1846 599 1917 646 uon
1930 578 2060 676 angeli
2071 576 2170 652 milei

1179 667 1361 743 exauditu
1387 680 1448 744 est.
1501 669 1598 742 Haec
1616 675 1739 746 scribit
1755 677 1815 746 ille
1832 703 1872 748 ex
1890 703 2036 756 carcere.
2087 681 2166 756 Etsi

136 860 239 932 pares
263 848 343 904 sum
367 855 464 902 meae
480 831 724 916 carnificinae,
751 853 819 922 qua
843 826 1025 897 excrucior
1040 823 1127 893 scri·
1178 775 1393 894 vaticinatur
1407 776 1570 844 derebus
1586 779 1840 866 praesentibus,
1863 796 1980 852 tamen
1996 785 2166 870 existimo,

1177 901 1329 948 maiores
1350 890 1468 947 motus
1492 877 1701 968 significari,
1734 905 1823 974 quos
1847 895 1888 952 ut
1907 885 2000 956 filius
2019 883 2083 956 Dei
2101 911 2166 978 gu·

1178 981 1324 1060 bernet,
1350 1002 1544 1070 precemur.
1587 976 1635 1050 Et
1650 981 1793 1054 saevitia
1811 979 1965 1055 hostium
1978 985 2167 1078 Evangelii

1178 1105 1252 1150 nou
1277 1081 1396 1150 minus
1421 1081 1593 1169 significat
1618 1083 1687 1152 cito
1711 1099 1891 1156 secuturas
1918 1111 1993 1158 esse
2021 1114 2166 1182 poenas,

1179 1207 1286 1277 quam
1304 1183 1473 1252 terribilis
1488 1171 1652 1264 Cometa,
1676 1209 1782 1278 quem
1800 1188 1870 1259 iam
1885 1189 2034 1280 singulis
2050 1197 2166 1265 nocti-

1178 1287 1244 1356 bus
1267 1285 1441 1359 videmus.
1493 1281 1535 1355 ln
1553 1279 1707 1379 Belgieo
1727 1290 1798 1360 duo
1819 1293 1945 1362 iratres
1961 1295 2166 1366 adolescen-

1179 1402 1229 1458 tes
1264 1400 1409 1480 propter
1440 1387 1536 1478 piam
1563 1389 1818 1461 consessionem
1844 1417 1966 1464 recens
1992 1399 2166 1469 combusti

1179 1503 1274 1574 sunt,
1293 1489 1353 1582 qui
1369 1490 1554 1580 praecipue
1569 1504 1714 1582 propter
1727 1488 2000 1589 eldwtououinu
2013 1499 2166 1572 similem

1177 1590 1338 1662 Persicae
1369 1615 1520 1682 pompae
1547 1594 1639 1684 rapti
1661 1598 1810 1664 suntad
1833 1599 2025 1691 supplicia,
2058 1627 2167 1696 quam

1179 1717 1316 1785 semper
1329 1693 1429 1762 dolui
1446 1693 1659 1765 confirmari.
1710 1692 1780 1766 Sed
1796 1693 1880 1770 haec
1894 1725 2030 1788 coram;
2056 1705 2168 1774 maxi-

1178 1820 1236 1864 me
1251 1796 1346 1865 enim
1362 1807 1446 1884 opto
1463 1797 1654 1865 adventum
1671 1807 1786 1870 tunm.
1838 1799 2051 1876 Modestiam
2068 1799 2168 1902 My·-

1180 1895 1278 1968 conii
1287 1889 1324 1995 i)
1342 1897 1447 1968 etiam
1464 1897 1558 1967 filius
1576 1911 1658 1968 tous
1674 1891 1863 1971 Eusebius
1878 1903 2008 1977 laudat.
2045 1903 2168 1997 Quare

240 2055 295 2130 De
309 2057 453 2129 Cometa
471 2055 575 2126 nobis
592 2066 722 2122 vestras
737 2050 999 2124 observationes
1017 2045 1129 2138 signi·
1179 2024 1260 2118 cim
1277 2014 1378 2070 ‘miei'
1395 2011 1542 2088 pamm
1558 2022 1678 2068 ³⁰¹¹¹¹⁰
1693 2025 1774 2071 ‘⁰¹¹¹
1789 2005 1992 2097 ⁰⁰¹¹¹P¹²¹¹¹⁸
2006 2007 2066 2091 ‘5⁸’
2092 2035 2168 2080 ¹¹¹²·

1179 2125 1232 2192 ges
1249 2102 1353 2172 ctiam
1374 2114 1520 2192 propter
1533 2101 1648 2171 bonos
1664 2127 1778 2174 mores
1791 2106 1927 2198 diliges.
1978 2107 2076 2182 Bene
2090 2112 2167 2184 vale

1099 2251 1108 2268 .
1179 2203 1358 2274 carissime
1374 2203 1494 2278 irater.
1545 2203 1612 2275 Die
1632 2203 1691 2274 ts.
1710 2201 1845 2278 Martii.

1916 2306 2118 2407 Philippos.
2166 2341 2172 2346 ·

1180 2671 1247 2744 No.
1265 2669 1379 2746 5946.

1187 2767 1361 2798 Μ

1970 2685 2050 2770 (ts.
2064 2685 2172 2774 ma.)

1954 2777 2167 2821 Μ

1550 2857 1607 2946 Ρ.
1641 2859 1808 2950 Eburo.

1242 3015 1265 3084 ¹1·
1282 3013 1321 3068 Er
1338 3015 1508 3089 autographo
1527 3017 1660 3074 Melantb.
1677 3019 1709 3074 ln
1726 3019 1792 3078 bibl.
1810 3019 1894 3096 liegie
1911 3021 2038 3082 honr.

1183 3161 1345 3250 Clariss.
1361 3172 1440 3247 viro
1462 3168 1616 3248 Paulo
1641 3171 1684 3246 E
1689 3173 1815 3267 bero,
1832 3181 2172 3280 scotrisuoeoris·

1625 3303 1733 3369 semo,

1185 3408 1237 3498 S·
1261 3420 1307 3499 D.
1357 3423 1446 3496 Heri
1470 3427 1590 3500 literas
1605 3429 1722 3522 accepi
1738 3453 1758 3499 a
1773 3431 1850 3500 viro
1869 3434 1974 3507 docto
1989 3433 2174 3540 Captivo’)

1186 3527 1335 3616 scriptas
1364 3528 1403 3598 in
1426 3553 1583 3616 carcere,
1622 3531 1660 3600 in
1689 3532 1819 3624 quibus
1842 3529 1927 3608 haec
1950 3554 2033 3612 sunt
2055 3545 2174 3632 verba,

1185 3623 1233 3702 τὰ
1252 3627 1344 3702 ὄντα
1365 3634 1482 3718 λαλῶ,
1509 3627 1611 3705 οἶδεν
1632 3628 1652 3704 ὁ
1675 3627 1773 3714 θεός.
1825 3631 2002 3712 Exaudita
2017 3657 2069 3714 est
2084 3643 2174 3718 mihi

1187 3755 1255 3801 vox
1271 3707 1404 3821 angeli:
1431 3729 1533 3803 brevi
1546 3727 1684 3804 videbis
1702 3735 1850 3804 ruinam
1867 3740 1973 3834 regni
1980 3742 2175 3840 pontificii.

1187 3832 1268 3904 Non
1290 3857 1437 3925 prorsus
1456 3849 1644 3906 contemno
1659 3838 1741 3907 talia
1757 3839 1945 3927 vaticinia,
1971 3869 2081 3940 quae,
2105 3875 2175 3922 un-

1188 3937 1374 4028 decunque
1402 3951 1504 4018 sunt,
1538 3937 1758 4026 significant,
1794 3939 1999 4034 impendere
2027 3974 2175 4042 magnos

1187 4049 1324 4120 motus,
1349 4060 1438 4130 quos
1451 4051 1491 4108 nt
1504 4035 1600 4108 filius
1615 4037 1681 4108 Dei
1696 4041 1887 4131 gubernet,
1912 4071 2048 4138 precor.

1291 4135 1461 4226 Quaesivi
1482 4135 1526 4208 te'
1539 4140 1638 4209 domi
1657 4155 1697 4212 nt
1712 4157 1826 4213 tecum
1846 4147 2011 4242 loquerer
2027 4154 2072 4222 de
2084 4153 2176 4224 dno-

1187 4236 1453 4334 busfilit‘sbnr
1476 4237 1641 4333 boulen
1666 4246 1913 4337 unguoben,
1945 4253 2176 4326 eedetratris

1190 4341 1301 4432 ipsius
1329 4341 1414 4415 filio.
1474 4343 1598 4428 Suasi,
1631 4360 1672 4417 nt
1700 4347 1766 4416 tibi
1796 4351 2107 4436 commendentur,
2141 4371 2176 4428 et

1190 4443 1351 4512 existimo
1375 4443 1413 4512 in
1437 4436 1502 4514 hac
1526 4467 1564 4514 re
1583 4459 1680 4516 tuam
1697 4471 1840 4539 operam
1857 4463 1891 4519 et
1911 4453 2126 4543 reipublicae
2142 4473 2176 4530 et

1190 4545 1275 4636 rpsis
1290 4547 1511 4636 profuturam
1528 4570 1620 4632 esse,
1641 4562 1676 4620 et
1695 4561 1729 4618 te
1743 4573 1844 4640 posse
1860 4545 1952 4622 hanc
1964 4577 2085 4628 curam
2099 4581 2177 4630 sue

1190 4647 1314 4718 tinere.
1367 4645 1594 4718 Voluntatem
1622 4663 1719 4720 tuam
1745 4673 1955 4740 cognoscere
1974 4655 2045 4727 iam
2067 4661 2179 4755 cupit.

1192 4747 1312 4838 Quare
1337 4749 1376 4818 in
1399 4771 1508 4818 coena
1529 4749 1563 4820 ei
1577 4749 1673 4824 dices
1686 4750 1774 4844 quid
1790 4753 1947 4826 lactarus
1961 4757 2027 4846 tis,
2052 4774 2106 4850 et,
2132 4787 2178 4869 up

1190 4873 1348 4938 recuses,
1373 4863 1468 4943 peto.

1930 4955 2130 5055 Philippus.

1227 5181 1259 5248 ¹⁸³)
1277 5181 1339 5234 Filii
1355 5179 1490 5236 friderici
1505 5179 1640 5254 Myconii.

1230 5269 1258 5336 t)
1276 5265 1306 5318 ln
1322 5281 1381 5318 voe.
1396 5263 1513 5330 captiuo
1524 5263 1671 5320 scribendo
1682 5283 1746 5322 nens
1758 5277 1798 5324 est
1810 5269 1943 5329 Melantb.
1957 5273 2105 5352 curiosi,
2121 5297 2183 5342 non

1265 5332 1340 5414 qupsi
1360 5331 1395 5386 sit
1413 5333 1546 5396 &usaue
1565 5351 1666 5387 nomen
1683 5351 1733 5406 pro
1753 5337 1827 5393 rium
1846 5339 1907 5395 visi.
1949 5344 2002 5398 ses
2021 5357 2060 5400 est
2100 5357 2129 5406 nl
2150 5367 2183 5408 ΙΙ

1264 5401 1380 5488 epistole
1393 5403 1427 5456 sd
1438 5401 1604 5471 Fabricium,
1621 5406 1730 5475 quaein
1746 5407 1896 5481 relegitur,
1914 5385 2083 5488 intelligitnr’,
2101 5417 2180 5480 Ubi-

1268 5487 1336 5526 ιω.

1535 5539 1584 5614 ll
1603 5537 1624 5580 ¹*
