4782 6182
168 303 247 380 ete
740 311 1173 396 netstoutnum
1222 311 1332 394 mo.
1357 313 1442 398 1111.
1496 316 1629 400 1666.
2136 343 2214 422 tte

167 472 365 610 Q·
381 501 399 592 ς

517 669 576 758 ll.
596 669 812 764 Beaolda.

271 837 357 912 nau.
378 835 588 914 tomam.

8 1027 25 1098 ,3
166 996 453 1094 Hieronymo
474 995 702 1093 Besoldo,
737 999 882 1078 docenti
902 1001 1055 1103 Evaog.
1076 1001 1160 1082 No-

552 1105 768 1203 rimbergae.

10 1163 29 1302 Ι·.
165 1233 218 1324 S.
244 1245 289 1320 D.
338 1247 426 1344 Legi
448 1254 616 1348 scriptum
634 1249 814 1328 Palatini
834 1251 1092 1358 Wolsgangt',
1113 1259 1159 1340 de

15 1403 19 1405 -
164 1375 239 1446 quo
262 1375 411 1424 censura
433 1369 548 1426 vestra
578 1357 685 1430 etiarn
711 1359 890 1451 explorata
914 1375 978 1436 est.
1037 1357 1158 1431 Meam

11 1471 28 1510 ³<
164 1466 253 1546 puto
268 1456 480 1526 severiorem
494 1452 521 1554 ²)
537 1459 645 1530 fuisse
654 1457 697 1555 ²).
745 1461 836 1534 Nam
853 1463 992 1556 aliquot
1012 1463 1159 1554 paginas

8 1573 16 1588 ·
163 1555 302 1626 mutavi
317 1551 400 1652 περὶ
417 1553 711 1656 duodetricenario
724 1577 759 1635 et
774 1565 871 1639 alias.
911 1564 1156 1636 precationem

162 1657 210 1728 de
227 1655 331 1728 Festo
356 1657 487 1738 Trinit.
511 1663 618 1736 aliam
642 1665 794 1750 inserui,
827 1665 1068 1738 continentem
1090 1669 1157 1738 do-

164 1759 316 1831 ctrinam
348 1765 581 1835 necessariam
610 1768 655 1838 de
681 1769 885 1840 discrimine
913 1791 1156 1862 personarum.

163 1859 388 1933 Mentionem
407 1865 477 1936 mei
493 1867 597 1955 libri,
623 1869 686 1963 qui
702 1871 845 1941 titulum
861 1865 966 1942 habet
981 1873 1154 1958 locorum,

162 1987 309 2056 prorsus
328 1968 474 2054 sustuli,
511 1972 608 2064 quod
639 1971 817 2057 iecissem,
853 1973 992 2044 etiamsi
1013 1967 1156 2044 Gallus

164 2089 239 2136 non
258 2061 543 2158 reprehenderet.
599 2069 735 2150 Vellem
757 2087 873 2145 autem
891 2077 1014 2146 doctos
1029 2087 1064 2145 et
1078 2077 1156 2166 pios

163 2167 209 2238 de
234 2169 356 2240 multis
378 2172 595 2262 gravissimis
615 2175 722 2245 rebus
737 2199 838 2267 posse
860 2177 1028 2271 colloqui.
1080 2175 1156 2248 'l'a-

9 2339 17 2352 ,
162 2269 351 2340 hellarium
368 2266 464 2344 hunc
482 2297 561 2345 meo
576 2292 696 2348 sumtu
719 2280 842 2348 advos
863 2279 960 2362 misi,
986 2293 1028 2350 nt
1042 2273 1156 2348 Iaco-

162 2367 231 2440 bus
256 2373 389 2464 petivit.
445 2373 567 2466 Quare
588 2403 671 2462 oro,
702 2394 742 2449 ut
764 2395 798 2451 et
819 2376 907 2448 mibi
924 2396 958 2451 et
980 2381 1047 2471 ipsi
1066 2382 1155 2451 scri-

15 2524 19 2570 ,
161 2473 266 2550 hatis.
316 2471 414 2548 Bene
431 2479 519 2552 vale.
563 2479 720 2550 Salutem
738 2497 821 2574 opto
839 2477 1026 2553 Maarilio
1042 2497 1077 2554 et
1092 2509 1156 2554 vo-

14 2595 22 2622 ⁶
163 2574 218 2645 bis
232 2579 399 2650 omnihus
415 2577 489 2654 Cal.
505 2578 668 2674 Augusti.

16 3074 21 3095 ,
164 3013 230 3090 Νο.
245 3013 358 3094 6045.

904 2681 1106 2779 Philippus.

169 2869 239 2890 Ἶ-ηι

996 3043 1028 3104 6.
1049 3037 1133 3119 Aug.

169 3112 342 3142 Μ

493 3203 548 3296 Ρ.
573 3207 828 3298 Vincentio.

229 3377 250 3442 †
268 3375 305 3430 Er
318 3395 412 3452 apogr.
425 3379 454 3434 in
466 3380 530 3437 cod.
545 3381 634 3438 Perii.
649 3383 684 3438 D.
697 3383 728 3442 l..
743 3385 805 3439 611.
915 3429 918 3437 ,

160 3527 242 3606 Pet
253 3559 303 3607 ro
326 3532 370 3612 V
372 3535 389 3606 i
395 3549 528 3610 noent
538 3538 555 3610 i
560 3565 599 3626 o,
623 3539 853 3636 gubernanti
865 3537 1060 3618 literarum
1077 3554 1156 3616 stu·

450 3637 515 3712 dia
534 3642 574 3713 in
592 3642 679 3714 urbe
696 3639 881 3722 Ledaea·

162 3771 211 3858 S·
238 3781 283 3856 D.
333 3783 536 3862 Clarissima
552 3792 656 3864 viret
670 3793 789 3870 carisa.
805 3797 926 3870 irater.
977 3795 1069 3872 Cum
1091 3803 1155 3872 ad·

160 3887 259 3958 venit
274 3881 344 3958 buc
359 3891 467 3964 irater
481 3887 749 3966 honestissimae
763 3899 924 3990 coniugis
938 3913 1033 3984 tuae,
1055 3903 1154 3972 ablui

159 3991 256 4084 apud
280 3985 500 4080 Ascanium,
531 3997 596 4066 nbi
623 3999 753 4092 scripta
779 4005 953 4092 quaedam
985 4006 1153 4096 pertexui.

158 4089 232 4162 Sed
258 4115 340 4162 curn
365 4119 525 4168 reversus
552 4120 663 4168 essem
691 4093 790 4180 beri,
823 4115 859 4171 et
887 4101 1008 4172 literas
1033 4105 1153 4196 accepi

159 4207 255 4278 tuas,
296 4208 331 4266 et
361 4196 436 4264 vidi
463 4198 639 4290 specimen
666 4201 770 4282 artis,
809 4203 906 4296 quod
930 4217 1012 4274 tuus
1036 4205 1153 4276 affinis

158 4285 283 4364 Paulo
298 4289 521 4373 exhibuerat.
572 4297 685 4370 Nemo
701 4301 740 4371 in
757 4297 823 4373 hac
838 4303 928 4372 urbe
943 4305 1153 4378 familiarior

159 4409 214 4468 est
227 4387 355 4466 Lucae
370 4399 515 4492 pictori,
537 4393 733 4476 Milichie.
777 4401 883 4476 Nunc
897 4405 1036 4480 dicebat
1051 4401 1152 4480 Pau·

159 4497 236 4584 lus,
260 4523 378 4570 secum
397 4503 440 4572 ad
457 4495 604 4574 Lucam
621 4505 755 4576 iturum
772 4529 857 4580 esse.
902 4507 1000 4598 Quid
1018 4512 1154 4603 egerint

11 4578 28 4704 ’ἴ
158 4597 268 4670 bodie
283 4603 436 4674 audiam.
488 4603 561 4676 Nec
574 4607 733 4678 studium
748 4609 854 4679 nobis
870 4607 982 4682 deerit
1001 4611 1040 4682 in
1056 4637 1153 4684 cotn-

29 4770 36 4787 ,
159 4703 364 4774 mentando
380 4707 486 4776 affine
502 4721 564 4778 tuo
580 4707 635 4778 vel
652 4701 780 4780 Lucae
803 4711 859 4780 vel
874 4709 1015 4815 Noricis
1039 4715 1154 4808 picto-

29 4806 35 4895 ]
159 4803 280 4888 ribus,
314 4805 378 4876 ubi
403 4807 566 4879 officinae
595 4823 679 4882 sunt
705 4811 976 4906 frequentiores.
1026 4815 1152 4888 Scribo

21 4894 25 4926 ¹
160 4907 322 4994 brevius,
347 4907 431 5004 qnia
451 4922 486 4982 te
510 4911 581 4980 iam
598 4927 754 5004 expecto.
806 4909 885 4986 Oro
904 4931 1021 4990 autem
1040 4919 1153 4988 filium

159 5005 230 5078 Dei
252 5013 432 5082 custodem
456 5007 633 5082 Ecclesiae
654 5035 756 5098 suae,
787 5031 828 5086 ut
845 5029 880 5086 te
901 5030 935 5088 et
951 5041 1014 5088 vas
1031 5043 1154 5090 omncs

17 5100 29 5142 ‘⁸
160 5111 346 5202 guberna.
393 5109 507 5228 Nunc=
519 5128 554 5186 et
574 5107 788 5204 Maiorias,
820 5117 882 5212 qtri
906 5119 1028 5194 docuit
1049 5119 1153 5196 Priu.

10 5341 22 5411 i

198 5387 226 5458 t)
243 5383 330 5441 διώ.
342 5387 528 5454 κινήσω,
545 5388 621 5460 quod
633 5389 765 5444 meadum
778 5387 880 5444 babeo.

196 5476 226 5542 2)
246 5471 308 5532 Vid.
319 5487 362 5546 ep.
374 5471 409 5526 td
426 5469 546 5545 wate.
558 5473 646 5529 enus.-
655 5475 685 5530 d.
696 5471 741 5532 76.
754 5475 807 5534 tet.
820 5475 897 5534 1666.

11 5578 18 5616 ι
163 5551 344 5622 Mesenen.
362 5551 467 5615 ona.
485 5551 565 5616 Vct..
581 5551 661 5618 Vlll

1032 507 1062 569 t.
1081 495 1165 582 Aug.

1027 594 1163 624 M

1215 487 1311 583 cipes
1327 487 1578 581 Pomeranine‚
1605 499 1790 576 nobiscum
1807 521 1871 586 est.
1906 505 2107 588 Benevola.
2141 513 2211 590 Die

1214 609 1312 669 sexto
1326 591 1492 689 Augusti.

1954 710 2155 812 Philippus.

1217 923 2202 964 -·-·-------·------...............

1223 1063 1292 1140 No.
1309 1063 1423 1144 6046.
2038 1099 2073 1160 7.
2092 1091 2175 1180 Aug.

1218 1159 1432 1206 Q
2024 1181 2197 1218 m

1528 1268 1595 1356 lo.
1621 1273 1887 1366 Mattlesio.

1277 1437 1364 1514 auu
1380 1439 1474 1499 auu.
1494 1443 1578 1517 ure.
1596 1449 1654 1516 (aa.
1668 1449 1756 1508 una.
1774 1450 1825 1510 ou
1838 1453 1872 1512 u.
1889 1475 1931 1531 ep.
1946 1459 2015 1526 sa).

1410 1596 1466 1674 D.
1490 1597 1706 1678 Iohanni
1729 1604 2002 1688 Mattbesia

1208 1729 1257 1821 S.
1282 1741 1327 1822 D.
1377 1743 1589 1822 Reverende
1602 1752 1658 1823 vir
1679 1767 1714 1827 et
1727 1749 1931 1834 charissime
1951 1763 2076 1854 irater,
2105 1764 2199 1841 luci-

1208 1847 1263 1918 dit
1282 1861 1376 1920 aetas
1400 1865 1523 1924 nostra
1545 1853 1584 1923 in
1605 1854 1747 1927 fatalem
1769 1863 1930 1936 omnium
1953 1868 2137 1956 regionum
2159 1871 2197 1941 in

1207 1971 1334 2040 genere
1349 1946 1507 2026 humano
1523 1957 1769 2034 mutationem.
1809 1959 1894 2036 Ideo
1910 1969 2117 2043 ardentibus
2132 1999 2197 2044 vo-

1207 2051 1254 2122 tis
1274 2075 1459 2142 precemur
1469 2053 1603 2127 Filium
1617 2055 1705 2146 Dei,
1731 2075 1771 2132 ut
1790 2080 1905 2138 servet
1917 2065 2095 2144 Ecclesiae
2113 2075 2197 2145 reli-

1207 2154 1308 2247 quias
1330 2167 1365 2225 et
1383 2178 1450 2227 nos
1465 2159 1650 2250 gubernet.
1701 2161 1751 2234 Ut
1764 2161 1909 2241 Cometa
1930 2195 2050 2244 mense
2062 2173 2195 2246 Martio

1206 2255 1332 2347 rapido
1347 2271 1448 2329 motu
1462 2273 1583 2332 vectus
1598 2275 1650 2333 cst
1664 2265 1709 2333 ad
1725 2261 2022 2359 Septentrionem,
2044 2289 2079 2348 et
2091 2278 2195 2348 dein·

1206 2358 1251 2428 de
1276 2359 1321 2428 ad
1344 2353 1494 2432 Ortum:
1531 2361 1581 2432 ita
1601 2363 1693 2434 bella
1717 2387 1814 2438 nunc
1838 2371 1993 2464 primum
2015 2377 2053 2446 in
2076 2379 2195 2452 littore

1206 2455 1458 2554 Hyperboreo,
1499 2465 1594 2560 quod
1627 2467 1828 2557 proximum
1854 2487 1906 2545 est
1934 2471 2067 2564 Arcto,
2100 2495 2195 2552 mota

1206 2575 1301 2632 sunt.
1349 2557 1547 2657 Episcopus
1570 2557 1799 2641 Gailielmus
1826 2573 1864 2643 in
1886 2569 2052 2650 Lieonia
2074 2595 2196 2674 captus

1206 2677 1276 2748 est,
1301 2677 1337 2734 et
1355 2666 1559 2738 adolescens
1578 2665 1662 2740 Dux
1675 2667 1968 2772 Megapolensis.
2017 2675 2196 2754 Prassia-

1207 2785 1270 2832 cus
1291 2777 1327 2833 et
1347 2760 1679 2862 Megalbargensis
1699 2771 1883 2869 Principes
1901 2783 2074 2874 colligunt
2097 2811 2196 2855 exer-

1206 2863 1308 2936 citus.
1347 2861 1477 2936 Versus
1489 2865 1676 2940 Orientem
1692 2899 1835 2970 quoqne
1851 2881 1943 2950 bella
1961 2884 1998 2953 in
2015 2879 2194 2978 [lugaria

1205 2975 1405 3038 moventur.
1445 2965 1521 3038 lmo
1536 2983 1571 3040 et
1584 2983 1718 3061 patrem
1732 2973 1867 3068 Regem
1882 2979 2063 3055 Persicum
2077 2983 2116 3056 T
2114 3011 2195 3057 am-

1205 3085 1289 3132 mas
1302 3080 1482 3136 mortuum
1499 3091 1571 3140 esse
1587 3073 1705 3158 aiunt,
1730 3091 1765 3148 et
1782 3079 1894 3150 filium
1913 3084 2044 3156 inferre
2060 3091 2195 3160 bellum

1205 3159 1360 3260 Syriae,
1386 3181 1422 3238 et
1437 3169 1554 3242 dicere
1575 3172 1737 3248 inducias
1758 3203 1837 3250 cum
1862 3198 1960 3275 patre
1976 3189 2083 3260 iactas
2101 3187 2195 3260 nibil

1205 3271 1249 3338 ad
1266 3289 1303 3336 se
1317 3269 1507 3358 pertinere.
1545 3270 1619 3344 Nec
1633 3301 1716 3348 vero
1735 3281 1862 3353 dubito
1878 3280 1916 3355 T
1915 3287 2056 3360 urticae
2069 3307 2195 3384 poten-

1206 3369 1277 3440 tiae
1304 3369 1573 3445 inclinationem
1603 3377 1824 3470 impendere,
1853 3391 1913 3458 scd
1944 3393 2043 3482 prius
2064 3395 2194 3464 vicinia

1204 3471 1312 3542 etiam
1335 3475 1572 3568 quassabitur.
1629 3477 1819 3557 Precemur
1841 3489 1950 3579 igitur
1969 3491 2102 3566 Filium
2126 3493 2195 3567 Dei

1202 3587 1246 3644 nt
1259 3595 1325 3643 nos
1342 3589 1458 3648 servet
1478 3593 1513 3650 et
1527 3581 1719 3669 gubernet,
1751 3599 1783 3656 et
1801 3613 1875 3660 non
1890 3593 1981 3666 sinat
1998 3598 2109 3668 deleri
2125 3593 2195 3669 Ec-

1203 3675 1325 3744 clesias
1346 3699 1426 3748 suas
1449 3680 1488 3748 in
1513 3675 1568 3752 bis
1587 3685 1804 3774 regionibus.
1856 3690 1974 3766 Hodie
1996 3693 2081 3772 binc
2097 3701 2195 3770 abie-

1203 3791 1288 3846 runt
1308 3769 1461 3863 Graeci,
1495 3783 1556 3872 qui
1589 3779 1721 3858 babent
1745 3793 1946 3868 testimonia
1970 3794 2196 3873 Patriarcbae

1202 3865 1635 3976 Constantinopolitaoi,
1668 3913 1756 3982 quos
1778 3895 1941 3969 existimo
1962 3903 2005 3970 ad
2025 3927 2088 3975 vos
2105 3929 2195 3997 quo-

1202 4004 1272 4072 que
1288 3995 1457 4052 venturos
1474 4007 1557 4058 esse.
1609 3985 1709 4062 Bene
1724 3995 1810 4064 vale.
1862 3996 1930 4072 Die
1954 4001 1989 4072 7.
2006 4003 2170 4096 Augusti.

1207 4205 2193 4246 Μ

1201 4345 1268 4420 Νο.
1287 4347 1403 4426 6047.

1207 4443 1379 4472 *om

2037 4385 2093 4448 10.
2113 4375 2195 4461 Aug.

2026 4467 2196 4495 “a

1493 4539 1571 4626 Ge.
1584 4539 1905 4635 Buohbolzero.

1272 4711 1370 4772 ttulit
1383 4715 1481 4790 hung.
1496 4719 1635 4793 atserq.
1654 4753 1691 4768 -
1725 4721 1769 4780 Gi.
1784 4741 1868 4799 cupre
1880 4728 1909 4784 d.
1923 4729 1950 4787 6.
1967 4729 2017 4790 lul.
2032 4735 2107 4792 1666.

1487 4867 1545 4936 De
1566 4869 1732 4940 certata·
1754 4879 1917 4948 uertite.

1202 4995 1417 5075 maerendo
1431 5004 1522 5091 viro,
1540 5001 1593 5078 1).
1611 5001 1817 5108 Georgia
1832 5012 2197 5108 Bariobaltzero

1465 5106 1595 5206 sratri
1609 5133 1678 5182 saa
1693 5107 1926 5202 charissimo,

1204 5239 1254 5324 S.
1277 5249 1321 5322 D.
1356 5251 1568 5328 Reverendo
1584 5258 1656 5343 vir,
1682 5273 1718 5332 ct
1734 5257 1940 5336 charissime
1957 5271 2075 5344 irater.
2108 5269 2200 5345 Cum

1205 5377 1321 5445 nuper
1352 5355 1496 5426 brevius
1525 5361 1736 5443 scriberem,
1769 5391 1844 5437 non
1869 5370 2011 5456 addidi,
2043 5397 2134 5468 qnae
2156 5377 2201 5446 de

1208 5457 1356 5526 cacteris
1385 5459 1536 5530 vestium
1564 5461 1773 5642 figuris⁵put
1802 5469 2010 5544 nominibus
2039 5477 2204 5550 addenda
