4808 6176
133 317 205 396 50⁵

152 491 215 566 No.
234 487 375 563 5809..

141 589 352 626 m

963 493 1023 557 24.
1038 485 1108 552 Ῑιιιι.

945 577 1115 610 Μ

472 675 522 762 V.
551 673 790 787 Strigelc‘o.

199 822 285 927 apsi.
297 853 345 910 aa
361 850 409 908 ιιι.
426 847 812 923 praenunciantibus.
829 865 875 918 «ρ.
891 847 940 905 ιιι
949 848 970 918 ι
1035 883 1037 890 ,

233 1007 287 1089 D.
316 1007 567 1084 Victorino
591 1003 836 1104 Strigelio
862 1001 1010 1100 (lenae)

134 1147 184 1238 S·
208 1159 253 1234 D.
291 1151 715 1240 DoctissimeVr'clorinc,
740 1153 832 1226 Cum
848 1149 907 1224 hic
922 1153 1123 1222 adolescens

133 1255 415 1336 Arnstadicnsis
437 1258 622 1332 Hearicus
637 1248 876 1358 Crancltscld
888 1249 945 1352 *),
972 1255 1009 1324 in
1030 1251 1123 1324 Aca-

133 1366 287 1441 demiam
314 1378 465 1436 vestram
489 1365 712 1456 proiecturus
735 1375 841 1446 esset,
874 1357 999 1451 petivit
1022 1383 1040 1424 a
1065 1379 1122 1426 me

133 1467 375 1546 testimonium
398 1467 442 1536 de
464 1466 538 1536 suis
561 1466 741 1546 moribus,
775 1477 809 1533 et
826 1461 893 1534 tibi
909 1457 1121 1530 nominatim

133 1570 374 1644 commendari
386 1568 512 1640 voluit.
537 1565 639 1636 Hanc
655 1563 969 1655 igiturEpistolam
984 1561 1016 1632 ei
1028 1559 1122 1659 dedi,

132 1688 237 1768 teque
253 1696 317 1742 oro
332 1683 373 1742 nt
393 1695 474 1742 eum
490 1669 742 1761 complectaris.
764 1689 765 1694 ’
793 1666 925 1737 Natura
948 1664 1042 1734 bona
1061 1673 1142 1748 est,'

132 1775 223 1850 etad
241 1771 443 1844 facundiam
459 1771 604 1841 idonea:
632 1783 667 1840 et
688 1791 803 1840 mores
827 1782 911 1838 sunt
932 1759 1072 1836 honesti
1087 1775 1122 1834 et

133 1874 275 1972 placidi.
324 1871 405 1945 Etsi
418 1886 535 1946 autem
551 1886 586 1943 et
600 1867 755 1966 Stigclii
766 1895 806 1940 ac
827 1873 881 1940 tui
904 1890 1023 1937 amore
1044 1890 1122 1936 ma·

134 1981 201 2052 luit
215 1979 254 2046 in
268 1988 380 2046 vestra
387 1970 579 2046 Academia
596 1998 685 2044 esse:
701 1987 818 2042 tamen
834 1972 1001 2042 valetudo
1016 1967 1120 2038 etiam

140 2079 246 2172 coegit
274 2101 355 2148 ειιιιι
379 2101 547 2171 quaerere
578 2075 654 2145 loca
682 2075 891 2147 salubriora.
951 2069 1120 2142 Nostrum

147 2183 303 2272 oppidum
317 2181 422 2270 plane
437 2191 508 2264 est,
533 2190 573 2246 ιιι
588 2178 632 2245 de
652 2172 768 2248 Ascra
786 2176 904 2268 inquit
917 2163 1121 2244 Hesiodus:

135 2275 369 2376 χεζιιαιιαιεὴ,
396 2277 499 2376 θέρει
514 2274 695 2378 ἀργαλέη,
721 2275 786 2352 καὶ
808 2272 973 2350 οὐδέποτ’
990 2263 1120 2365 ἐσθλή.

135 2379 210 2476 Ego
224 2383 261 2452 in
278 2378 346 2453 hoc
356 2397 455 2453 aestu
466 2383 620 2452 duomm
635 2382 811 2452 mensium
825 2403 913 2473 pene
925 2376 1122 2466 extinguor,

134 2509 196 2555 nec
211 2485 309 2556 cibos
325 2479 457 2572 habeo,
480 2508 547 2556 nec
566 2498 689 2576 potum
705 2499 854 2554 naturae
876 2503 976 2552 meae
991 2497 1122 2548 conve-

133 2587 300 2660 nientem.
349 2585 462 2678 Spero
475 2600 593 2656 autem
606 2585 707 2656 brevi
723 2607 781 2654 me
796 2609 837 2656 ex
853 2577 922 2656 hoc
935 2579 1029 2653 tristi
1045 2600 1123 2648 car-

131 2711 207 2758 cere
222 2688 260 2758 in
281 2687 466 2759 coelestem
480 2685 635 2760 Patriam
653 2700 690 2760 et
704 2683 933 2757 Academiam
947 2685 1122 2754 discessu-

130 2813 210 2860 rum
238 2813 323 2860 esse.
382 2787 459 2858 Hac
477 2811 538 2880 spe
561 2789 693 2860 interea
717 2789 856 2858 facilius
877 2781 941 2854 has
962 2781 1123 2854 miserias

126 2891 218 2960 lero.
271 2887 378 2957 Mitto
407 2889 474 2958 tibi
503 2905 537 2960 et
558 2885 723 2960 Nt'colao
743 2889 885 2957 libellos
912 2879 973 2956 hic
1000 2903 1123 2954 recens

124 2990 264 3072 editos,
298 2987 381 3080 quia
407 2989 493 3079 alias
515 2990 660 3080 paginas
683 3013 756 3058 non
780 2983 954 3058 habebam
978 2985 1023 3054 ad
1046 3005 1122 3050 ma-

124 3115 230 3164 num.
291 3085 448 3160 Domino
473 3085 632 3183 Stigclio
653 3087 782 3158 Poetae
804 3088 939 3180 optimo
963 3100 998 3156 et
1021 3083 1123 3152 vobis

124 3192 297 3266 omnihus
320 3191 468 3262 salutem
490 3205 584 3282 opto.
636 3187 735 3261 Bene
751 3191 839 3266 vale.
891 3188 958 3260 Die
973 3178 1123 3258 Iolcon-

128 3293 193 3364 nr's
209 3287 408 3392 Baptistae
421 3294 578 3364 doctoris
593 3293 720 3370 nostri.
806 3324 813 3341 ·

805 3421 825 3458 Ο

963 3655 1022 3724 94.
1034 3647 1106 3716 lan.

944 3739 1118 3778 W

126 3651 335 3733 Nouato·

132 3751 310 3788 Μ

417 3837 485 3927 Μ.
502 3833 842 3946 Meieabargr'o.

234 3995 599 4076 mammam*

164 4149 397 4230 Mtctacti
421 4143 772 4244 Mcicnbargr'o,
805 4135 1099 4216 ConsuliNort-

586 4246 671 4326 Irus.

11 4461 12 4470 ι
126 4391 180 4482 S.
197 4405 244 4485 D.
294 4405 552 4479 Honestissima
586 4401 659 4486 vir,
694 4413 729 4470 et
760 4395 873 4467 amice
905 4389 1122 4468 charissime.

125 4509 279 4586 Summa
301 4509 495 4582 consolatio
510 4507 548 4575 in
564 4505 636 4576 vita
653 4513 688 4572 et
705 4501 743 4570 in
765 4497 933 4570 omnibns
954 4493 1123 4587 periculis

124 4607 219 4684 haec
243 4626 310 4698 est,
334 4613 430 4708 quod
455 4609 603 4692 scimus,
627 4617 722 4676 certo
742 4599 877 4672 Filium
894 4594 963 4668 Dei
985 4617 1122 4667 assum-

123 4711 242 4810 psisse
256 4709 449 4786 humanam
466 4723 631 4782 naturam
648 4703 739 4776 hanc
765 4703 877 4796 ipsam
899 4700 947 4770 ob
970 4721 1122 4784 cansam,

121 4831 171 4890 nt
187 4839 253 4886 nos
270 4829 437 4910 tanquam
452 4811 612 4884 surculos
628 4807 695 4878 sibi
716 4807 867 4877 insertos
887 4814 998 4890 gestet
1015 4813 1051 4872 ct
1064 4798 1121 4870 vi-

121 4919 260 4992 vificet.
311 4913 359 4989 Et
377 4915 569 4986 inserimur
591 4911 623 4979 ei
644 4921 758 4992 certo,
790 4917 929 4977 tanturn
955 4903 1024 4973 lide
1044 4925 1121 4972 cre-

121 5023 258 5094 dentes
272 5019 348 5090 eius
365 5013 604 5110 pmmissioni.
654 5009 767 5100 Saepe
782 5006 894 5098 igitur
907 4999 993 5075 haec
1009 5003 1120 5096 ipsius

118 5124 239 5194 verba
255 5121 411 5214 repetite.
456 5117 585 5188 Venite
600 5113 644 5182 ad
662 5135 718 5182 me
732 5131 874 5191 omncs,
900 5107 963 5203 qui
978 5106 1120 5176 labora-

116 5225 175 5300 tis
190 5237 225 5297 ct
239 5223 377 5294 onerati
393 5221 496 5306 estis,
527 5229 561 5290 ct
576 5212 664 5312 Ego
679 5213 832 5286 reficiam
847 5233 923 5286 vos.
973 5207 1121 5300 Semper

111 5395 337 5418 μ

148 5501 191 5572 *)
212 5497 274 5558 vid.
292 5497 326 5555 dc
342 5513 377 5554 eo
394 5493 475 5570 epist.
492 5493 526 5550 ad
544 5489 692 5550 Mordlsio.
712 5487 742 5552 d.
760 5487 805 5546 ὅ.
823 5486 899 5564 Sept.
917 5483 995 5546 165⁸.

707 309 1138 392 EPISTOLARUM
1190 305 1297 386 [ΑΒ.
1323 307 1407 386 xtt.
1460 303 1590 385 165⁵.

2094 301 2168 378 506

1177 481 1344 582 cogitate,
1391 477 1506 550 Filius
1538 477 1603 550 Dei
1638 489 1814 569 assumpta
1851 491 1981 565 natura¹
2010 471 2164 545 hrrnrana
2208 503 2228 544 e·

1175 607 1290 652 meam
1311 603 1459 652 massam
1484 581 1591 651 etiam
1613 593 1733 670 gestat.
1784 575 1832 650 Ει
1852 601 1926 648 sese
1947 565 2041 648 certo
2060 577 2165 645 nobis

1175 683 1414 755 communicat
1446 707 1508 753 sna
1543 681 1792 774 promissione,
1832 703 1938 774 qnam
1968 679 2063 764 vult,
2098 698 2164 748 nos

1175 799 1270 855 certo
1294 787 1450 875 accipere
1471 783 1556 856 Sola
1573 781 1673 858 Fide.
1724 780 1801 876 lpse
1825 796 1877 854 est
1899 773 2008 880 λόγος
2029 777 2163 850 aeterni

1174 885 1302 974 Patris,
1326 901 1359 958 ει
1372 889 1470 959 adest
1483 885 1592 954 verbo
1607 885 1734 970 vocali,
1760 897 1794 956 et
1808 907 1881 954 sese
1897 896 1991 954 certo
2009 906 2072 974 per
2085 906 2164 950 ver-

1174 989 1261 1060 bum
1279 990 1398 1060 vocarle
1415 987 1642 1060 credentibus
1654 987 1909 1070 communicat,
1934 998 1968 1055 ει
1989 983 2028 1054 in
2046 983 2096 1054 eis
2111 995 2166 1056 est
2303 1059 2308 1068 ,

1174 1091 1295 1162 elbcax
1312 1105 1345 1162 et
1368 1092 1521 1160 viviticat
1539 1113 1598 1160 cos
1615 1113 1680 1160 suo
1702 1088 1833 1160 Sancto
1857 1085 2005 1182 Spiritu.
2054 1083 2164 1156 Ηιιιιε

1174 1217 1296 1264 verum
1320 1192 1539 1266 Salvatorem
1566 1189 1681 1262 lesum
1702 1185 1905 1275 Christum,
1931 1187 2062 1260 Filium
2083 1184 2167 1272 Dei,

1173 1319 1257 1382 oro,
1283 1309 1324 1366 ut
1345 1295 1447 1366 vobis
1469 1293 1628 1386 corporis
1650 1306 1685 1364 et
1706 1292 1845 1364 animae
1861 1291 1954 1362 vires
1969 1304 2095 1380 augeat
2113 1281 2163 1381 ¹¹).

1172 1393 1284 1470 llatae
1299 1397 1356 1468 die
1373 1392 1543 1468 Iohannis
1559 1393 1749 1488 Baptistae.

1912 1519 2113 1618 Philippus.

2038 1921 2072 1984 6.
2092 1906 2152 1978 tut.

2033 2000 2163 2030 Μ

1496 2103 1551 2190 Ρ.
1585 2099 1836 2190 Vincentio.

1240 2283 1264 2356 †
1280 2281 1320 2337 Er
1332 2297 1427 2354 apogr.
1443 2277 1472 2335 lo
1484 2280 1548 2338 cod.
1559 2277 1646 2336 Paris.
1666 2275 1706 2334 n.
1717 2273 1750 2334 la.
1761 2271 1824 2330 δι’.

1172 1917 1239 1990 No.
1254 1914 1370 1998 5811.

1181 2015 1350 2044 Μ

1172 2447 1314 2526 Petro
1343 2447 1615 2536 Vincentio,
1638 2407 2014 2543 gubernanctsrodia
2035 2429 2166 2508 litera-

1459 2577 1541 2628 rum
1558 2551 1598 2624 in
1616 2548 1704 2622 urbs
1719 2541 1884 2622 Luteco.

1174 2711 1224 2802 S·
1250 2725 1296 2798 D.
1331 2721 1537 2796 Clarissime
1553 2719 1608 2790 vir
1623 2733 1657 2790 ει
1672 2715 1791 2790 cariss.
1807 2715 1927 2786 irater.
1962 2665 2166 2778 Multorum

1173 2829 1285 2898 literis
1303 2827 1499 2896 celebratus
1520 2837 1571 2892 est
1595 2823 1676 2890 lons
1702 2819 1806 2900 solis,
1828 2815 1925 2885 unde
1938 2808 2078 2904 Cyrene
2098 2831 2166 2875 no·

1175 2952 1258 3000 men
1277 2921 1396 3000 habet.
1448 2923 1539 2998 Nam
1560 2947 1600 2992 ea
1622 2944 1691 2990 vox
1713 2913 1973 3008 simplicissime
1994 2909 2166 3000 significat

1094 3081 1104 3099 .
1173 3031 1299 3102 urbem
1315 3027 1435 3102 fontis.
1469 3024 1538 3098 Sed
1558 3047 1621 3114 ego
1636 3036 1732 3094 tuam
1749 3015 2009 3089 enarrationem
2022 3011 2165 3103 plenam

1174 3129 1388 3204 eruditionis
1402 3129 1447 3200 de
1460 3127 1558 3198 fonte
1575 3123 1750 3198 Saronico
1776 3119 1846 3209 legi
1864 3113 2054 3194 libentius,
2080 3109 2166 3181 tibi-

1174 3259 1243 3330 qne
1264 3231 1412 3324 gratiam
1435 3225 1569 3313 habeo,
1605 3225 1702 3321 quod
1725 3222 1830 3294 nobis
1861 3217 1959 3288 illam
1993 3213 2166 3306 pagellam

1175 3333 1320 3420 misisti,
1345 3357 1452 3428 quam
1467 3347 1503 3403 ει
1518 3321 1738 3402 Camerario
1755 3345 1871 3414 nuper
1886 3314 2042 3414 promisi.
2094 3313 2165 3386 Sed

1174 3435 1260 3511 haec
1295 3429 1542 3528 philosophica
1567 3454 1686 3504 coram
1719 3422 1998 3520 disputabimus,
2031 3432 2065 3490 et
2096 3413 2166 3484 alia

1174 3539 1286 3632 magis
1300 3529 1485 3638 ἀξιόλογα.
1518 3531 1609 3606 Nam
1625 3533 1673 3618 si,
1697 3544 1739 3602 ut
1755 3551 1829 3600 non
1847 3525 1963 3596 solum
1981 3519 2166 3609 Principes

1174 3641 1281 3715 multi
1302 3653 1487 3733 expetunt,
1516 3635 1705 3708 sedetiam
1728 3631 1804 3724 ipsa
1818 3625 1977 3700 Ecclesia
1999 3619 2166 3714 postulat,

1175 3745 1381 3818 instituetur
1406 3740 1610 3812 docentium
1640 3737 1680 3805 in
1702 3731 1833 3803 nostris
1855 3723 2023 3800 Ecclesiis
2051 3721 2164 3792 collo·

1176 3845 1319 3943 quium,
1350 3857 1385 3914 te
1406 3842 1554 3912 omnino
1577 3841 1698 3909 adesse
1722 3832 1888 3926 optarim.
1938 3826 2102 3898 Profecto
2121 3825 2166 3892 de

1174 3945 1392 4041 gra'vissimis
1411 3941 1568 4014 materiis
1589 3935 1819 4010 sciscitandae
1841 3943 1948 4002 erunt
1968 3928 2109 4022 piorum
2130 3941 2163 3991 et

1175 4055 1361 4122 doctorum
1381 4041 1588 4116 sententiae.
1638 4035 1803 4110 Aetnam
1821 4057 1942 4104 vocem
1959 4031 1998 4100 in
2015 4053 2056 4100 eo
2078 4049 2165 4094 con-

1175 4174 1296 4243 gressu
1311 4143 1489 4220 Ecclesiae
1504 4141 1727 4238 profuturam
1743 4161 1816 4210 esse
1831 4158 1946 4227 spero.
1996 4129 2052 4202 lbi
2068 4127 2165 4197 enim

1174 4277 1250 4324 non
1265 4249 1477 4322 iudicandae
1495 4259 1601 4318 erunt
1614 4268 1671 4315 res
1691 4243 1838 4315 πολλῶν
1851 4229 1989 4334 ψόφῳ,
2013 4231 2073 4301 sed
2089 4219 2163 4324 ψή-

1175 4380 1261 4451 φοις
1273 4355 1351 4426 τῶν
1364 4347 1532 4445 εὐσεβῶν
1545 4343 1610 4422 καὶ
1624 4347 1803 4420 συνετῶν.
1854 4337 1967 4430 Spero
1991 4331 2044 4406 tui
2058 4351 2163 4402 usum

1174 4459 1214 4527 in
1238 4451 1295 4526 his
1317 4453 1523 4544 regionibus
1542 4453 1634 4534 lore,
1663 4447 1693 4517 si
1717 4444 1900 4514 nobiscnm
1915 4437 2035 4506 vivere
2053 4429 2163 4503 voles.

1173 4555 1277 4631 Certe
1300 4555 1592 4628 consuetudinem
1623 4561 1781 4620 nostram
1804 4541 1945 4635 utrique
1972 4533 2163 4608 iucundam

1172 4661 1250 4734 lore
1264 4658 1431 4733 arbitror.
1483 4653 1581 4726 Bene
1595 4666 1630 4726 et
1644 4649 1796 4722 feliciter
1810 4644 1899 4718 vale.
1939 4637 2007 4711 Die
2023 4635 2058 4710 6.
2068 4631 2163 4706 iulii.

1911 4771 2113 4868 Philippos.

1274 4955 1414 5032 Boccro
1429 4955 1482 5056 (l)
1502 4957 1650 5028 salutem
1673 4963 1778 5040 opto,
1805 4961 1840 5018 et
1856 4945 1889 5016 ci
1910 4967 1977 5038 pro
2002 4943 2164 5036 podmate

1274 5065 1408 5182 donato
1423 5061 1552 5152 gratias
1566 5081 1643 5148 ago.
1681 5051 1785 5124 Nunc
1801 5049 1905 5142 plura
1919 5045 2072 5118 scribere
2087 5061 2161 5108 non

1275 5179 1389 5258 potue.

1206 5477 1236 5550 ⁸)
1254 5477 1298 5534 Dc
1315 5471 1430 5534 rtem·
1442 5463 1594 5526 suumin·
1607 5460 1793 5534 Μοίειὶιιηίἰ
1811 5459 1867 5516 eid.
1882 5475 1926 5532 cp.
1946 5453 1973 5512 ιΙ.
1987 5453 2015 5510 Ι.
2024 5451 2084 5510 lac.
2098 5445 2165 5508 ka.
