4808 6176
171 279 253 361 486
739 278 1181 358 uetsuouanuu
1233 277 1342 360 utu.
1367 275 1451 355 ΧΠ.
1504 275 1637 358 1666.
2142 282 2217 364 466

171 451 275 527 diosc
289 455 616 548 obtemperaturum
630 475 716 526 esse.
766 451 875 544 Apud
893 477 960 525 uos
978 455 1016 525 in
1034 451 1173 526 Acade-
1226 457 1305 520 arte
1322 445 1487 538 iocandi,
1514 450 1699 536 otvideas,
1725 453 1844 524 nosin
1860 451 2213 530 hismiseriistemen

175 557 267 637 ntia,
295 555 360 628 Dei
380 557 567 642 lreucficio,
585 551 701 627 adhuc
725 557 916 626 mediocria
940 557 1172 628 suntdoctri-
1225 555 1508 646 aequabilitatem
1549 553 1679 638 animi,
1724 551 1802 625 Deo
1842 558 2004 646 iuvnrrte,
2048 561 2212 635 retinere.

174 681 246 730 nae
258 659 386 738 studia,
407 675 440 729 et
458 684 525 729 vox
541 661 723 729 doctrinae
738 661 859 728 eadem
870 681 975 754 quam
991 657 1172 743 audivisti,
1223 653 1335 744 Saepe
1357 653 1452 725 enim
1477 657 1565 726 illud
1593 655 1726 744 cogito:
1761 655 1815 728 illi
1839 661 2114 746 maledicebant,
2147 683 2209 752 ego

172 771 217 830 ut
232 773 267 831 et
278 760 408 852 scripta
423 763 627 833 ostendunt.
681 757 790 830 Mitto
813 753 1169 847 igitanncrratr'o.
1222 770 1339 826 autem
1374 761 1531 829 orabam.
1605 753 1705 826 Beue
1737 759 1835 844 vale,
1876 763 2055 834 carissime
2091 765 2211 834 irater.

174 855 554 952 neananmonis*).
607 859 728 934 Audio
743 855 833 930 milri
849 863 1019 954 quosdam
1034 863 1168 932 bellum
1221 857 1283 932 20·
1302 855 1408 934 Maii.

173 961 340 1033 illaturos
354 958 436 1054 περὶ
451 957 615 1061 ἀνάγκης
629 966 799 1055 mortario,
826 962 968 1055 quodsi
983 964 1170 1050 moverint,
1915 958 2117 1060 Philippus.

175 1063 317 1148 iudico,
342 1061 491 1134 melleo
513 1079 548 1135 et
562 1062 741 1136 Ecclesiae
757 1067 885 1134 debere
907 1059 974 1133 hoc
999 1066 1170 1150 officium,

174 1179 217 1236 ut
240 1165 471 1236 deliramenta
499 1167 753 1236 contumeliosa
786 1179 908 1236 contra
931 1161 1048 1236 Deum
1073 1169 1168 1238 reiu-

173 1281 261 1339 tem.
312 1261 391 1336 Oro
411 1279 526 1338 autem
542 1267 674 1338 Filium
698 1267 770 1338 Dei
786 1267 985 1338 Dominum
1008 1283 1167 1339 nostrum

175 1365 295 1440 lesum
308 1361 510 1448 Christum,
542 1369 748 1438 crucifixum
768 1393 830 1459 pro
847 1367 952 1438 nobis
968 1382 1001 1438 et
1020 1369 1169 1439 resusci-
1233 1375 1300 1450 No,
1315 1375 1428 1450 5788.
2051 1388 2206 1458 20,M,;5‚

172 1481 304 1550 tatum,
327 1479 365 1536 nt
381 1491 447 1538 nos
459 1474 643 1560 gubernet.
675 1465 876 1540 benevale.
910 1467 977 1540 Die
991 1471 1055 1544 20.
1066 1469 1167 1543 Maii.
1224 1472 1435 1506 Μ’
2068 1479 2206 1508 '⁶⁸⁶'

172 1569 289 1706 'Anno
308 1569 419 1646 1666·
1510 1579 1624 1698 epe.
1655 1583 1913 1674 Pannonio.

1290 1753 1805 1844 maistansg.p.s11.,.ac,ac
1822 1761 1919 1818 nav.
1936 1763 2079 1840 passe,
2150 1843 2158 1856 Ι

178 1910 378 2044 &Q
989 1917 1166 2040 Q
1398 1923 1755 2034 Christopdoro
1780 1929 2028 2010 Pannonio

508 2095 638 2182 Iusto
668 2097 841 2186 Mettio.
1220 2086 1270 2174 S·
1296 2097 1341 2176 D.
1372 2099 1576 2172 Clarissima
1591 2101 1664 2189 vir,
1689 2117 1723 2174 et
1738 2097 1943 2176 charissime
1958 2106 2079 2181 frater.
2113 2106 2206 2180 tau-

853 2223 997 2328 6·

280 2343 337 2380 222·
418 2361 426 2380 s
486 2363 495 2380 0
589 2361 597 2377 ι
704 2361 713 2378 ι
1357 2353 1370 2374 1
2151 2338 2158 2352 ⁶

1219 2420 1291 2477 tam
1307 2407 1410 2476 avide
1427 2406 1547 2496 legant
1562 2420 1596 2476 et
1616 2407 1781 2496 relegant.
1821 2407 1892 2479 Sed
1910 2419 2027 2480 tamen
2043 2412 2207 2500 optarim,

1219 2523 1252 2577 et
1270 2508 1375 2577 nobis
1392 2508 1530 2601 aliquot
1541 2510 1697 2600 exempla
1712 2510 1830 2580 relicta
1846 2533 1930 2580 esse.
1964 2507 2120 2582 Unicum
2134 2526 2209 2583 erat

1218 2611 1416 2703 reliquum,
1441 2611 1537 2702 quod
1553 2611 1737 2685 mittimus.
1779 2611 1833 2681 Ac
1849 2611 2044 2702 bibliopola
2056 2601 2207 2684 Conra-

1219 2705 1289 2780 dus
1316 2705 1433 2780 adlmc
1459 2710 1599 2802 Lipsiae
1633 2707 1739 2784 habet
1766 2712 1907 2784 circiter
1931 2712 2078 2802 vigirtti,
2115 2725 2207 2806 quae

173 2801 230 2890 S.
257 2811 302 2882 D.
351 2811 876 2884 Reverendeviretcarissime
895 2814 1014 2884 frater.
1055 2809 1169 2879 Valde
1219 2834 1299 2880 cnm
1326 2811 1431 2880 allata
1454 2811 1606 2895 fuerint,
1641 2813 1706 2881 tibi
1730 2814 1922 2886 mittemus.
1975 2815 2016 2882 ln
2032 2817 2207 2888 vestibulo

172 2929 338 3005 optarem
355 2909 527 2984 Ecclesiae
544 2913 733 2982 mediocria
751 2909 947 3006 Halcyonia
963 2911 1114 2979 retinere
1131 2911 1169 2978 in
1219 2923 1271 2980 cst
1287 2911 1434 3000 epistola
1448 2913 1492 2978 ad
1510 2901 1763 2982 Coscielicium
1780 2927 1842 2983 tuo
1856 2913 2037 2984 nominee
2051 2939 2107 2986 me
2120 2918 2207 2989 seri—

174 3013 238 3088 his
255 3013 458 3104 regionibus
474 3029 505 3083 ot
529 3015 616 3084 mite
637 3027 709 3081 erat
727 3027 848 3082 contra
866 3013 1082 3080 adversarios
1105 3033 1170 3080 nos
1218 3024 1297 3102 pta,
1322 3033 1428 3103 quam
1444 3033 1490 3078 an
1506 3012 1656 3096 videris,
1680 3015 1810 3086 nescio.
1853 3010 1998 3086 Rectius
2014 3029 2113 3100 emet,
2140 3037 2206 3086 no·

173 3117 281 3188 velot
307 3119 592 3214 συγκρατισμῷ,
629 3116 798 3206 quasdam
829 3113 1043 3181 offerssiones
1066 3112 1169 3180 ‹lissi-
1217 3126 1324 3180 stram
1353 3111 1508 3180 ieiunam
1533 3114 1783 3206 praelationem
1813 3136 1886 3182 non
1914 3136 1989 3186 esse
2018 3117 2206 3208 praefixam

174 3211 328 3290 ustulare.
379 3213 455 3286 Hac
482 3211 567 3284 hom
592 3240 633 3283 ex
656 3208 785 3306 Progo
808 3215 940 3284 litteras
963 3213 1098 3304 accepi,
1131 3213 1168 3281 in
1218 3229 1298 3286 tuae
1321 3212 1536 3292 narrationi,
1569 3237 1648 3284 cum
1677 3239 1753 3285 non
1770 3215 1898 3285 referat
1923 3227 2005 3286 tuac
2034 3219 2206 3288 orationis

175 3319 313 3414 quibus
331 3317 549 3406 significatur
571 3312 620 3384 ibi
639 3319 812 3410 quosdam
828 3312 852 3410 ¹)
874 3316 911 3384 in
937 3315 1169 3386 concionibus
1218 3317 1382 3386 nitorem.
1433 3311 1482 3385 Et
1504 3315 1684 3384 volueram
1706 3341 1726 3386 a
1752 3331 1785 3386 te
1805 3315 1904 3407 prins
1926 3319 2045 3388 omnia
2066 3319 2205 3410 inspici.

174 3421 387 3502 vociferari,
413 3419 494 3488 ideo
513 3417 663 3487 Mariam
681 3434 716 3488 et
731 3419 818 3486 alios
833 3411 995 3486 homines
1017 3417 1054 3485 in
1071 3417 1168 3486 coelo
1218 3415 1286 3488 Sed
1302 3410 1498 3500 Peucerus,
1522 3429 1562 3488 ut
1577 3417 1724 3508 opinor,
1751 3411 1970 3512 typographo
1985 3414 2123 3490 chartas
2137 3423 2206 3490 mi-

174 3523 339 3592 viventes
355 3523 572 3592 invocandos
586 3543 676 3604 esse,
698 3521 781 3612 quia
794 3519 889 3590 filius
905 3543 976 3586 non
994 3519 1040 3588 sit
1058 3517 1168 3588 inter·
1217 3518 1302 3588 sita
1325 3529 1358 3586 te
1382 3539 1455 3586 non
1479 3517 1661 3610 inspectas.
1713 3515 1820 3588 Mitto
1838 3519 1903 3589 tibi
1926 3519 2112 3610 epistolam
2125 3545 2206 3592 meo

177 3646 297 3694 cessor
319 3646 357 3694 ac
379 3635 516 3692 tantum
541 3621 761 3690 invocandus
782 3621 826 3690 sit
843 3635 883 3690 ut
904 3635 1017 3712 pater3
1042 3621 1168 3691 omitto
1217 3619 1363 3690 nomine
1383 3619 1546 3709 scriptam
1562 3613 1602 3714 *)
1626 3623 1669 3688 ad
1696 3609 1966 3708 Coscielieium,
2005 3645 2110 3714 quam
2137 3623 2206 3712 legi

177 3726 262 3799 alia.
314 3721 495 3793 Adversus
510 3724 632 3794 talium
653 3719 808 3792 lrustinm
825 3723 960 3792 rabiem
975 3745 1042 3790 nos
1061 3747 1169 3814 opor·
1217 3735 1292 3792 ate
1316 3721 1416 3804 volo,
1442 3743 1498 3805 ac,
1523 3721 1552 3788 si
1577 3723 1770 3806 iudicabis,
1795 3721 2003 3792 mittendam
2026 3725 2082 3792 vel
2105 3717 2206 3794 exhi-

176 3837 231 3899 tet
244 3825 528 3894 coniunctionem
549 3824 833 3910 neustramtueri,
865 3849 978 3917 eoque
999 3818 1169 3893 hactenus
1219 3824 1372 3893 lundam
1394 3844 1485 3906 esse,
1508 3823 1723 3911 obsignabis.
1776 3821 1884 3892 Mitto
1906 3837 1940 3892 et
1963 3825 2134 3914 pagellas,
2167 3825 2206 3894 in

177 3927 375 3999 nrtdtorum
407 3927 598 3996 virulentas
636 3926 832 3996 catecumina
870 3927 1023 3996 retentare
1058 3925 1168 3997 nolui.
1218 3925 1349 4016 quibus
1364 3936 1415 3992 est
1438 3923 1607 4013 praefatio
1620 3945 1697 3995 mea
1710 3917 1792 4016 napi
1814 3918 2054 4018 edcpcaetipc
2072 3915 2115 3996 et'
2128 3923 2206 4019 Hy-

179 4029 253 4102 Sed
270 4051 350 4098 curn
368 4039 487 4115 aperte
502 4022 590 4094 milri
607 4027 740 4095 bellum
751 4029 990 4116 deremagna
1007 4027 1170 4108 inferent,
1220 4025 1334 4094 nseuei
1364 4046 1516 4092 cerasten.
1570 4019 1669 4094 Bene
1702 4025 1798 4107 vale,
1838 4036 1873 4094 et
1905 4026 2070 4102 rescribe.
2135 4023 2204 4098 Dte

182 4129 257 4201 Ilm
278 4131 441 4212 iuvante,
474 4113 549 4196 non
572 4128 760 4196 ‹tetanoau
782 4147 861 4196 sum
891 4126 1041 4198 veritati.
1097 4125 1169 4195 Nec
1217 4123 1403 4200 111111ιί6
1453 4121 1562 4193 Asino
1591 4119 1727 4196 Christi
1751 4117 1847 4196 1555
1865 4116 1936 4218 ‘').

182 4233 414 4324 pmlectoaut
428 4227 686 4298 coniurationis
706 4227 916 4318 potentiam,
941 4242 1003 4298 aut
1023 4226 1170 4318 adplau-

178 4355 258 4416 sus,
273 4353 373 4424 ·quos
387 4329 426 4398 in
441 4329 534 4398 aulis
549 4324 698 4408 babent,
722 4341 855 4402 metuo.
905 4327 1066 4400 Ventura
1084 4327 1170 4396 ecli-

178 4435 256 4530 psis
287 4432 474 4501 denuntiat
502 4429 587 4502 talia
614 4429 818 4502 certamina.
876 4429 947 4499 Set
973 4431 1071 4519 signa
1102 4429 1170 4500 alie
2055 4513 2059 4522 ³

177 4548 267 4608 §ent
286 4533 492 4616 illustriora,
512 4531 662 4601 Cainice
674 4530 849 4600 acerbitas
857 4531 953 4613 odii,
979 4531 1170 4620 petulantia
1216 4524 1284 4610 Nu.
1300 4519 1414 4596 6789.
2048 4536 2107 4598 22.
2120 4529 2205 4601 Maii.

178 4629 409 4724 ingeniorum
433 4647 467 4703 et
498 4633 636 4701 inscitia
661 4633 873 4716 multorom3
906 4626 996 4722 ἡδὲ
1020 4626 1171 4722 ἀμαθία
1227 4617 1400 4646 ”N
2058 4618 2195 4649 Μ’

177 4735 322 4818 θίασος
338 4727 583 4836 ἀπεργάζεται
601 4730 643 4828 ²).
694 4731 802 4804 Mitto
824 4731 891 4804 tibi
908 4733 1071 4802 libellum
1085 4727 1114 4826 ³)
1129 4725 1172 4800 de
1429 4719 1675 4836 Philippo,
1703 4717 1911 4830 Landgr.
1940 4719 1996 4808 ΙΙ.

186 4883 409 4908 --—-—--
818 4900 821 4909 ·
1288 4895 1312 4966 †
1329 4893 1366 4949 R:
1380 4905 1425 4948 eut
1511 4893 1547 4949 bo
1560 4891 1695 4952 Meleatlr.
1707 4892 1736 4946 ia
1750 4890 1846 4950 Tabai.
1858 4889 1943 4952 illest.
1958 4893 2056 4954 canet
2070 4897 2207 4972 &scripta

217 4959 897 5106 qliafflezwcebcgifflnbsla‘lgffbn?
914 4961 1019 5090 :vtica
1041 4963 1116 5020 1666,
1145 4967 1173 5024 0-
1236 5003 1240 5010 ,
1323 4967 1357 5018 ab
1373 4965 1415 5020 ttt.
1457 4965 1599 5018 ommrlio.

219 5125 254 5194 l)
271 5119 420 5198 ωωψ·
448 5097 486 5198 .·Ι·.
587 5164 605 5190 ¹·
623 5160 629 5198 t
747 5167 764 5191 ¹·
881 5161 886 5179 '
998 5159 1007 5189 ·’
1441 5130 1446 5140 ¹

217 5203 400 5327 ῑὶιῦὧῗάω·
419 5199 657 5302 M'ldfflluff·
673 5190 989 5274 m‘pl‘¹·1⁸d¹⁴i⁵5⁰¹⁰
1005 5191 1174 5284 d'ii'eii‘w'
1257 5249 1285 5318 r)
1305 5231 1462 5315 th.ep.'d.
1479 5247 1501 5295 1.
1515 5239 1597 5294 lunii.
1622 5235 1736 5290 Videtur
1749 5233 1816 5289 baec
1826 5235 1941 5310 epistola
1955 5246 2011 5295 boo
2027 5239 2116 5297 statim
2130 5246 2212 5304 enim

219 5353 590 5495 6166331666
612 5349 764 5448 66·
788 5359 829 5406 ··
853 5349 1176 5424 66666·
1261 5311 1830 5488 ..;“ἒ.“;ε.“;5;ἳ.ξ·ξεῖ.Γῑὲῐῑέῑῐῑὲῑ·εχ

1566 5473 1653 5553 st·

178 2455 391 2534 Reverendo
413 2461 509 2546 viro,
533 2455 737 2532 eruditione
760 2469 792 2530 et
815 2458 942 2530 uirtute
960 2461 1172 2558 praestanti

174 2563 232 2638 1).
261 2561 394 2635 Iusto
420 2560 598 2642 Mettio,
637 2562 785 2659 pastori
810 2560 1000 2633 Ecclesiae
1026 2561 1104 2635 Dei
1129 2565 1169 2636 in

326 2664 413 2736 urbe
430 2658 576 2751 Gotho,
593 2661 723 2762 sratri
733 2689 802 2734 suu
818 2664 1021 2744 carissimo,
