4814 6172
140 311 217 390 525
300 363 302 370 ·
678 293 1142 384 'aristobulum

140 505 174 562 et
202 482 375 558 honestus
408 479 630 558 Erdmanus
658 476 900 580 Cupernicus:
941 481 979 552 in
1005 507 1074 576 qna
1107 495 1140 553 te

139 613 284 688 quoque
298 589 457 660 adfuisse
474 589 636 680 optarim.
688 587 773 658 Fuit
788 588 933 658 recitata
952 585 1140 678 explicatio

140 694 229 766 dicti
248 689 393 764 Esaiae:
429 691 467 762 Si
484 705 623 782 peccata
641 704 758 762 vestra
770 705 876 761 crunt
890 703 930 762 ut
947 690 1141 772 coccinum,

146 810 183 866 et
216 807 257 864 ut
286 793 515 864 vermiculus.
577 791 628 862 Et
658 793 813 876 dictum,
854 815 919 862 cur
952 789 1141 860 vermiculi

149 895 279 968 mentio
299 897 378 976 liat,
402 895 516 990 etqui
538 894 583 966 sit
607 896 707 966 color
728 893 930 965 vermiculi:
957 894 1040 987 quia
1061 915 1141 961 cec-

152 1023 212 1072 cus
223 997 376 1068 vertitur
391 997 429 1066 in
445 1021 617 1082 vermem,
643 997 705 1090 qui
726 1009 779 1068 est
798 996 1004 1066 immediata
1026 1007 1141 1064 mate-

147 1103 199 1174 ria
214 1100 403 1191 sanguinei
420 1099 560 1172 coloris.
612 1093 798 1170 Peccatum
816 1097 965 1191 quiescit
977 1097 1142 1191 aliquan-

145 1206 228 1289 diu,
254 1217 375 1296 postea
392 1201 432 1273 fit
443 1201 590 1286 vermis,
616 1214 650 1271 et
668 1213 834 1272 cruentat
854 1223 919 1270 nos
942 1202 980 1268 in
1005 1199 1140 1290 poeuis.

143 1305 217 1380 Sed
234 1303 413 1378 liliusDci
430 1304 579 1394 detergit
594 1327 771 1380 cruorem.
823 1299 966 1371 Mittam
983 1303 1051 1372 tibi
1077 1325 1141 1392 pa-

143 1409 275 1502 gellas,
301 1431 382 1477 cnm
398 1405 534 1476 fuerint
547 1405 672 1480 editae.
725 1404 866 1495 Quaeso
880 1417 920 1474 ut
935 1427 1035 1474 cures
1049 1396 1141 1472 milii

1193 307 1302 387 LlB.
1327 307 1412 390 ΧΠ.
1466 303 1597 388 1554.
2117 316 2193 394 teo

1193 504 1249 555 aas
1273 484 1306 556 ci
1329 486 1565 556 adversantur
1579 477 1630 575 *).
1684 483 1766 556 Mea
1790 487 1906 558 cilicia
1927 489 2001 560 lilio
2026 515 2101 561 non
2123 493 2187 563 de·

1190 601 1308 663 erunt.
1360 586 1458 660 Bene
1474 588 1598 664 valete.
1652 587 1719 660 Die
1733 586 1772 663 5.
1791 588 1954 686 Augusti.

1934 688 2134 788 Philippus.

1197 1023 1267 1097 No.
1281 1023 1396 1102 5649.

1199 1121 1412 1164 Μ
2029 1041 2183 1161 iffi.

1499 1213 1576 1303 Ge.
1603 1215 1876 1330 Agricolae.

1258 1373 2044 1454 mmmnmmmmmmnmmn

146 1537 210 1605 ΡΝ
250 1504 468 1628 1030541114θῦ
502 1508 573 1577 ‘ml
605 1508 748 1626 cunm·
772 1505 1141 1627 Tanbfiffflundfflffls
1192 1521 1418 1605 Clarissimo
1434 1533 1530 1622 viro,
1553 1533 1757 1608 eruditione
1772 1547 1804 1609 et
1820 1537 1954 1612 virtute
1962 1547 2176 1640 praestanti

150 1637 220 1686 non
234 1613 447 1703 grandiores
461 1611 594 1694 multo,
613 1633 679 1680 nec
700 1633 856 1681 minores
872 1631 917 1678 us
934 1632 1024 1703 quos
1039 1621 1140 1678 antea
1190 1633 1359 1706 Domino
1373 1633 1432 1711 M·
1450 1631 1487 1709 G
1494 1661 1541 1709 ιο
1549 1663 1569 1707 r
1573 1637 1652 1734 81'0
1668 1639 1841 1736 Agrico
1851 1640 1942 1732 [Μ’
1955 1604 2185 1741 gubernant}

149 1715 292 1800 misisti,
327 1726 362 1786 et
388 1712 508 1802 eligito
533 1725 692 1784 accurate
715 1715 835 1782 iactos.
885 1708 976 1782 Dedi
1005 1711 1141 1804 priores
1191 1734 1319 1810 Studia
1352 1735 1542 1810 doctrinae
1575 1739 1615 1810 5„

146 1819 279 1910 partim
295 1803 532 1899 Camerario,
561 1814 689 1906 partim
713 1795 860 1884 Ductori
883 1809 1033 1882 Alberto
1048 1807 1142 1882 Bre-

147 1918 269 1990 mensi
280 1910 590 2008 concionatori⁴),
615 1917 744 2007 partim
760 1915 855 2000 aliis,
874 1917 1004 2010 quibus
1018 1918 1142 1986 admo-

152 2027 239 2092 dum
255 2022 475 2114 placuerunt.
532 2017 737 2103 benevale,
764 2018 822 2088 die
846 2019 962 2110 prima
979 2015 1144 2108 Augusti,

168 2121 280 2196 1554.

168 2345 252 2360 ..ω-ι.
272 2349 494 2360 ——-.—--—-·-
509 2349 665 2357 ---·-··—--—-
675 2343 1144 2362 mun-affl

1009 2495 1147 2622 Q

316 2694 384 2782 Io.
417 2691 753 2780 Hebenatree'tie
784 2696 970 2783 seniori.

217 2861 241 2932 e
259 2857 284 2914 a
299 2857 363 2914 aa.
378 2854 461 2911 aaa
476 2853 537 2910 aas.
550 2873 578 2928 p.
592 2851 678 2910 eois.

154 3017 196 3094 V
190 3012 381 3090 enerando
395 3011 489 3100 viro,
516 3008 718 3084 eruditione
733 3023 765 3085 et
783 3013 913 3086 virtute
924 3011 1147 3109 praestanti,

147 3121 203 3194 D.
231 3114 453 3192 Iohanni
476 3115 799 3198 Hebenstreit,
832 3113 972 3186 seniori
1001 3113 1152 3214 pastori

149 3223 346 3296 Ecclesiae
382 3218 462 3290 Dei
501 3219 541 3290 in
583 3214 718 3420 oppido
750 3207 885 3290 Colede
926 3216 1079 3320 [collecta
1114 3230 1147 3288 iu

433 3328 602 3411 Thuringia
653 3320 773 3392 amico
797 3344 866 3392 suo

148 3467 201 3556 S.
230 3477 279 3551 D.
330 3474 540 3546 Veneranda
559 3473 624 3548 vir.
676 3471 792 3557 Deus,
821 3473 950 3567 quiest
968 3475 1148 3570 inspector

149 3603 183 3654 et
218 3583 329 3653 iudex
355 3578 537 3656 cordium,
572 3575 655 3660 scit,
689 3601 744 3646 me
767 3589 910 3668 optare,
945 3592 986 3649 ut
1009 3583 1056 3650 sit
1079 3605 1148 3651 no-

148 3703 310 3758 strarum
339 3677 579 3750 Ecclesiarum
611 3679 799 3749 concordia
834 3679 984 3774 ubique,
1030 3695 1065 3753 et
1087 3705 1148 3752 ex-

148 3803 233 3862 tant
272 3795 392 3854 nostra
427 3781 555 3873 scripta
589 3793 623 3850 ct
657 3781 859 3852 testimonia
896 3797 1036 3854 nostrae
1069 3809 1148 3856 mo-

150 3886 351 3962 derationis
381 3895 415 3954 et
447 3883 655 3976 patientiae,
688 3907 754 3954 nec
784 3883 952 3974 ignorant
981 3885 1035 3954 illi
1067 3887 1147 3979 ipsi,

151 3995 214 4088 qui
245 3990 321 4060 lilio
350 3999 466 4056 vestro
497 3987 748 4071 adversantur,
785 4011 857 4080 quo
897 3987 1048 4058 consilio
1082 4014 1148 4058 vo-

154 4095 328 4164 luerimus
348 4089 567 4160 iuventutem
588 4088 627 4156 in
648 4087 810 4158 doctrina
835 4090 880 4157 de
906 4111 1020 4174 anno,
1046 4103 1082 4160 et
1106 4090 1146 4158 in

163 4185 425 4285 cosmographia
448 4189 594 4263 erudiri.
644 4187 718 4259 Nec
740 4188 866 4259 dubito
884 4213 1076 4282 provocare
1101 4193 1147 4260 ad

165 4296 244 4364 illos
255 4297 368 4390 ipsos,
385 4292 447 4386 qui
465 4305 588 4362 contra
601 4314 666 4360 nos
681 4291 908 4383 scripserunt.
944 4289 1017 4385 Ipsi
1032 4293 1148 4364 sciunt

164 4397 288 4468 iudicia
314 4411 350 4467 et
371 4395 572 4465 voluntates
592 4407 750 4479 nostras,
784 4406 818 4464 et
841 4393 958 4466 sciunt
981 4418 1148 4465 reveren-

158 4503 243 4572 dum
267 4497 314 4576 D.
336 4489 545 4568 Lutherum
572 4509 607 4566 et
639 4495 727 4566 alios
755 4495 932 4588 sapientes
962 4497 1059 4566 viros
1083 4521 1149 4568 vo-

154 4605 286 4688 luisse,
315 4617 356 4674 ut
381 4601 546 4672 iuventus
569 4598 719 4669 disceret
743 4597 845 4670 initia
869 4621 972 4669 verae
988 4594 1149 4692 philoso-

153 4703 278 4800 phiae.
329 4701 411 4776 Scio
434 4701 561 4786 etiam,
587 4721 741 4794 quorum
765 4700 953 4772 acerbitate
973 4696 1041 4772 hae
1063 4725 1150 4772 cou-

152 4809 337 4884 tentiones
357 4805 606 4876 accendantur.
658 4801 733 4872 Vos
756 4827 840 4888 ero,
863 4815 905 4874 ut
928 4804 1006 4874 sitis
1028 4805 1149 4874 animo

152 4909 369 5004 nanquillo.
420 4903 535 4976 Filius
552 4903 620 4974 erit
632 4900 709 4974 Deo
725 4928 849 4991 curae,
873 4918 908 4976 et
921 4905 1081 4977 inveniet
1095 4907 1153 4976 lo-

152 5037 241 5088 cum
257 5005 405 5084 honeste
420 5006 605 5078 exercendi
618 5017 731 5076 artem
746 5008 931 5078 medicam.
978 5006 1151 5080 Hortatur

153 5139 240 5188 sum
255 5115 363 5186 etiam
378 5135 477 5195 eum,
493 5121 535 5180 ut
549 5130 695 5200 prorsus
709 5110 850 5179 omittat
866 5111 1058 5182 certamina
1070 5131 1152 5182 cum

153 5221 224 5302 iis,
248 5217 312 5312 qui
327 5237 402 5286 non
420 5211 538 5286 studio
554 5210 712 5282 veritatis
729 5213 788 5282 sed
812 5225 957 5304 propter
969 5213 1055 5286 alias
1070 5237 1155 5284 cau·

152 5401 387 5424 *unu-*¹-

191 5509 223 5574 *>
244 5505 303 5576 Qut
321 5501 442 5562 natuerat
454 5499 622 5573 Vttebergae
630 5499 805 5567 „anatalio
819 5500 901 5584 1441·Ι

1650 1737 1805 1840 Inclyta
1838 1741 1940 1818 Urbe
1977 1745 2182 1850 Amberga,

1448 1841 1576 1942 fratri
1588 1869 1656 1914 sua
1672 1839 1914 1936 charissimo,

1195 1959 1245 2048 S·
1265 1973 1310 2047 D.
1361 1971 1578 2048 Charissime
1592 1971 1755 2074 Georgi,
1778 1977 1871 2052 Cum
1893 1981 1932 2054 in
1954 1985 2028 2058 vita
2048 1989 2184 2063 ollicio-

1196 2099 1275 2148 rum
1293 2081 1424 2170 gradus
1439 2080 1612 2150 divinitus
1634 2081 1675 2152 in
1696 2105 1823 2172 genere
1849 2078 2007 2160 humano
2028 2093 2185 2166 ordinati

1194 2181 1284 2267 sint,
1310 2196 1344 2254 et
1358 2181 1444 2252 velit
1459 2207 1518 2252 eos
1530 2179 1626 2252 Deus
1641 2185 1843 2256 testimonia
1859 2211 1932 2260 csse
1946 2214 2029 2269 suae
2044 2195 2185 2286 sapien·

1196 2283 1264 2356 tiae
1288 2299 1323 2356 ct
1346 2285 1536 2369 bonitatis,
1569 2299 1771 2356 reverenter
1796 2291 1927 2360 sentire
1949 2295 1993 2362 de
2017 2297 2186 2370 ‹nnnibus

1197 2379 1356 2458 honestis
1384 2387 1629 2460 functionibus
1664 2390 1845 2465 debemus.
1907 2393 2028 2483 Quare
2050 2401 2187 2472 etiarnsi

1196 2484 1289 2560 hanc
1307 2503 1464 2560 nostram
1487 2491 1651 2560 militiam
1677 2491 1884 2564 docentium
1914 2511 1950 2568 et
1970 2499 2185 2574 discentium

1195 2593 1398 2663 doctrinam
1415 2594 1564 2676 deDeo,
1581 2607 1615 2666 ct
1631 2593 1718 2664 alias
1730 2587 1896 2668 honestas
1909 2611 2001 2670 artes
2015 2597 2188 2676 Centauri
2259 2590 2264 2604 *

1197 2697 1348 2788 superbe
1362 2697 1577 2788 despiciunt:
1604 2710 1724 2768 tamen
1739 2721 1805 2768 nos
1822 2711 1856 2770 ct
1872 2695 1979 2772 huius
2001 2705 2131 2794 graden
2153 2719 2189 2782 et

1197 2797 1349 2867 aliorum
1367 2798 1575 2888 dignitatem
1593 2798 1849 2889 intelligamus,
1863 2816 1897 2872 et
1914 2803 2081 2891 sciamus,
2094 2803 2188 2880 hanc

1197 2895 1362 2990 Spartam
1387 2899 1492 2968 nobis
1515 2899 1689 2971 divinitus
1715 2905 2015 2990 commendatam,
2051 2932 2186 2980 ornan-

1199 3001 1279 3070 dam
1294 3023 1377 3070 esse.
1427 2999 1513 3072 Tibi
1534 2995 1602 3070 hoc
1625 3025 1768 3096 quoque
1784 3001 1851 3072 Dei
1876 3005 2086 3078 beneficium
2107 3034 2189 3102 gra-

1198 3103 1313 3190 tulor,
1339 3103 1435 3197 quod
1453 3103 1491 3172 in
1507 3101 1621 3196 patria
1637 3097 1704 3173 hos
1723 3103 1801 3196 pios
1817 3105 1957 3180 labores
1971 3109 2068 3180 facis.
2107 3109 2190 3184 Etsi

1197 3205 1294 3278 enim
1309 3201 1487 3290 Ecclesia,
1501 3205 1700 3276 communis
1717 3207 1829 3300 patria
1848 3223 1918 3296 est,
1945 3224 2063 3284 umen
2081 3213 2188 3287 etiam

1199 3303 1337 3406 στοργὴ
1354 3320 1474 3380 movet
1489 3308 1645 3392 animes,
1669 3319 1711 3378 ut
1731 3309 1884 3382 libenter
1906 3315 2001 3404 apud
2023 3331 2190 3406 cognatos

1198 3411 1371 3483 vivamus.
1417 3407 1495 3501 Ego
1513 3411 1582 3480 iam
1599 3433 1704 3480 senex
1720 3434 1848 3502 magua
1866 3415 2041 3488 desiderio
2057 3419 2190 3502 fratris,

1198 3513 1268 3582 viri
1283 3513 1451 3605 sapientis
1468 3527 1502 3584 et
1518 3508 1659 3584 honesti
1676 3513 1833 3590 adficior.
1867 3513 1939 3588 Sed
1954 3519 2080 3591 omitto
2095 3515 2190 3594 hauc

1199 3615 1583 3687 commemorationem.
1635 3609 1714 3686 Oro
1735 3629 1851 3688 autem
1876 3617 2009 3692 Filium
2023 3618 2092 3694 Dei
2114 3603 2213 3696 Do:

1199 3719 1338 3787 minum
1361 3731 1521 3788 nostrum
1546 3716 1662 3789 lesum
1685 3712 1868 3791 Christum
1891 3725 2097 3795 cnrcilixum
2124 3750 2190 3820 pro

1199 3822 1303 3892 nobis
1317 3833 1352 3892 at
1366 3821 1630 3904 resuscitatum,
1657 3821 1838 3892 custodem
1852 3819 2061 3914 Ecclesiae.
2078 3839 2119 3898 ut
2128 3851 2191 3900 vos

1199 3947 1321 3994 omues
1348 3935 1527 4012 protegat,
1561 3933 1598 3991 et
1629 3920 1804 4012 gubernet
1837 3927 1956 3998 studia
1984 3929 2191 4000 iuventutis.

1198 4024 1307 4097 Mitto
1326 4024 1393 4095 tibi
1415 4023 1585 4114 pagellas,
1610 4046 1762 4116 quarum
1786 4026 1973 4100 lectionem
1996 4053 2098 4122 apere
2124 4031 2191 4100 tibi

1199 4151 1273 4198 non
1297 4128 1480 4194 insuavem
1502 4125 1591 4197 lore.
1641 4121 1741 4196 Bene
1759 4129 1837 4200 vale
1859 4143 1894 4202 et
1908 4133 2073 4207 rescribe.
2123 4131 2191 4202 Die

1203 4231 1260 4304 12.
1279 4225 1372 4319 Aug.
1389 4225 1499 4297 Anno
1519 4221 1629 4302 1554.

1412 4421 1519 4430 .-.--,
1533 4421 1843 4432 -—-——-—-—·--—-

1214 4527 1281 4600 No.
1295 4524 1408 4605 5650.

1206 4625 1421 4666 Μ

1412 4697 1671 4788 Christiano
1700 4697 1831 4812 Regi
1858 4701 1984 4786 Dan.

1271 4841 1600 4985 &gueblfeb'btw‘
1620 4857 1656 4900 aa
1680 4845 1720 4902 tte
1738 4843 1839 4913 &tatae
1856 4849 1884 4902 ta
1903 4843 2016 4908 tbt‘aem
2073 4853 2137 4910 Vel.
2155 4855 2193 4914 tt.

1318 5039 1628 5145 (Christiano
1653 5037 1758 5130 HL,
1781 5033 1885 5138 Regi
1905 5041 2095 5148 Daniae.)

1205 5163 1351 5266 osee
1367 5179 1482 5256 aneu
1500 5175 1590 5268 aaa
1606 5177 1706 5268 tetra
1724 5179 1951 5272 tragasaeum
1965 5183 2068 5276 eon
2084 5183 2199 5280 aare

1206 5283 1388 5378 beriton,
1402 5281 1516 5372 entem
1528 5281 1668 5377 uteo
1684 5285 1749 5356 aab
1763 5283 1995 5380 acerbetttgen
2011 5285 2134 5386 better.
2149 5311 2199 5386 ga·

1210 5425 1438 5447 *a*

2014 4539 2186 4664 Q

1245 5493 1275 5564 e)
1296 5487 1639 5568 vunentanus

1576 5565 1625 5638 et
1642 5553 1664 5599 ³
