4782 6182
229 300 305 381 759

257 469 616 580 Christopdoro
641 468 806 563 Libio,
838 469 993 548 Pastori
1010 469 1202 549 Ecclesiae

536 575 925 676 Brundenbnrgensis.

232 719 283 810 S·
311 733 361 812 D.
420 729 632 806 Reverende
653 731 712 802 vir
733 745 768 804 et
792 731 912 808 cariss.
934 732 1054 802 trater.
1115 723 1226 799 Mitto

232 835 334 908 vobis
367 837 526 930 exempla
557 838 635 908 τῶν
667 825 952 928 ὑπομνημάτων
986 833 1030 904 de
1063 827 1225 922 Epistola

231 936 336 1012 Pauli
356 939 400 1010 ad
418 935 528 1014 Rom.
553 937 702 1030 scripta,
728 959 819 1032 quae
839 935 948 1006 velim
971 956 1035 1006 vos
1056 934 1227 1024 legerent

237 1041 388 1127 iudices,
411 1063 540 1128 acero,
567 1053 606 1110 ut
622 1063 680 1110 me
696 1038 870 1110 moneatis
886 1037 1000 1108 sicubi
1019 1048 1117 1106 extra
1131 1058 1225 1104 mam

234 1166 352 1214 curro.
403 1141 485 1214 Scio
506 1141 780 1234 amplitudinem
803 1139 1015 1232 apostolicae
1035 1135 1226 1230 sapientiae

234 1269 308 1314 non
323 1268 425 1336 posse
440 1244 572 1314 nostris
591 1243 758 1316 tenuibus
772 1242 1047 1333 cogitationibus
1064 1239 1148 1310 satis
1165 1262 1226 1308 ex-

234 1449 360 1524 nolim.
413 1443 581 1540 Optarim
605 1461 723 1519 autem
744 1447 959 1540 aliquando,
984 1466 1085 1514 senes
1099 1443 1176 1534 pios
1192 1455 1226 1511 et

235 1565 328 1622 recte
344 1551 503 1622 eruditos
516 1572 618 1642 posse
633 1552 678 1622 de
694 1549 817 1620 multis
832 1547 1098 1641 quaestionibus
1113 1545 1224 1615 collo-

810 297 1242 380 ttetsrobttttutt
1294 297 1399 378 ΗΒ.
1423 295 1507 380 xtl.
1560 294 1690 380 1666.

2197 295 2283 377 760

1279 497 1407 570 meque
1428 487 1469 546 ut
1492 495 1658 561 moneas,
1688 497 1775 562 oro,
1800 471 1913 546 sicubi
1929 487 2027 545 extra
2043 471 2141 544 riam
2156 495 2280 547 curro.

1279 575 1380 663 Scio,
1421 575 1652 668 cogitationes
1682 590 1823 650 nostras
1852 577 1959 668 longe
1982 576 2166 648 tenuiores
2190 599 2282 665 esse,

1278 703 1385 772 quam
1408 693 1449 750 ut
1468 679 1743 773 amplitudinem
1767 679 1961 771 sapientiae
1974 673 2210 772 Apostolicae
2225 703 2282 750 sa·

1279 781 1323 852 tis
1344 805 1518 873 exponere
1539 781 1688 876 possint.
1738 781 1811 856 Sed
1835 781 2179 874 tamenpuguontia
2197 805 2283 854 cunr

1278 884 1439 955 lontibus
1461 886 1579 956 dicere
1601 885 1726 959 nolim.
1785 882 1943 956 Maxime
1965 885 2140 975 optarim,
2174 907 2282 976 posse

1157 1033 1166 1051 .
1278 985 1436 1081 colloqui
1451 988 1583 1060 multos
1601 1007 1701 1058 senes
1720 982 1801 1078 pios
1818 999 1851 1058 et
1867 999 1961 1058 recte
1979 990 2127 1070 doctos,
2153 1000 2196 1057 et
2211 1000 2285 1058 tra-

1278 1089 1362 1158 dere
1378 1090 1574 1182 posteritati
1589 1089 1848 1160 consessionem
1864 1089 2086 1183 perspicuam
2102 1101 2139 1160 et
2160 1089 2286 1182 expli·

1278 1203 1411 1278 catam,
1437 1191 1543 1262 etiam
1564 1192 1668 1263 certis
1690 1193 1882 1264 verborum
1901 1191 2027 1262 formis
2043 1189 2089 1260 de
2105 1191 2285 1262 omuibus

1278 1294 1539 1380 controversiis,
1559 1318 1649 1389 quse
1665 1317 1762 1364 nunc
1778 1286 2077 1382 ἐπιπολάζουσιν,
2102 1289 2206 1364 ἀλλὰ
2224 1290 2285 1365 eei·

233 1345 379 1440 plicari,
403 1348 464 1416 sed
487 1358 607 1418 tamen
627 1345 823 1438 pugnantia
839 1368 919 1415 cum
935 1343 1095 1414 lontibus
1110 1339 1226 1410 dicere
1273 1398 1344 1488 χῆς
1358 1397 1470 1494 ἔργον
1485 1400 1598 1470 τοῦτο
1613 1397 1668 1492 εἴη
1686 1391 1747 1472 ἄν.
1779 1393 1877 1468 Bene
1894 1398 1984 1472 vale.
2015 1391 2086 1466 Die
2102 1393 2199 1468 Maii
2220 1397 2282 1472 2⁰·

236 1653 311 1748 qui.
364 1651 472 1724 Mitto
488 1668 523 1725 et
537 1651 694 1744 exempla
712 1649 894 1742 proximae
910 1647 1161 1742 disputationis
1176 1637 1226 1742 ¹⁵),
1277 1643 1281 1656 '

236 1756 273 1824 in
290 1779 359 1849 qua
374 1753 414 1826 lit
429 1754 564 1824 mentio
579 1753 665 1825 novi
682 1752 895 1822 certaminis.
931 1749 1065 1841 Progne
1081 1749 1224 1842 quidam
1277 1729 1499 1862 Q

236 1857 477 1943 contendunt,
501 1850 685 1927 Christum
706 1879 802 1924 nunc
823 1867 960 1926 tantum
980 1865 1021 1924 ut
1035 1851 1152 1924 Deum
1167 1850 1225 1919 in-

238 1960 436 2028 vocandum
458 1981 551 2043 esse,
576 1970 617 2027 ut
638 1958 796 2028 datorem
812 1957 989 2026 bonorum
1006 1979 1080 2026 non
1097 1966 1136 2024 nt
1150 1975 1225 2023 me-

236 2061 431 2144 diatorem,
465 2071 500 2130 et
522 2058 681 2129 reiicitur
702 2054 789 2128 haec
804 2059 917 2130 sonna
933 2055 1141 2128 invocandi:
1167 2055 1224 2124 in-

236 2185 324 2230 voco
349 2175 405 2244 te,
438 2161 584 2231 domine
608 2158 688 2232 lesu
710 2155 869 2248 Christe,
900 2173 937 2231 ct
959 2171 1062 2254 peto,
1095 2171 1137 2228 ut
1159 2181 1225 2250 pro

235 2287 293 2332 me
311 2263 507 2332 intercedas
525 2263 619 2356 apud
636 2275 820 2334 aeternum
835 2276 982 2355 patrem.
1032 2257 1137 2330 Hanc
1152 2260 1226 2329 sor-

237 2388 331 2434 mam
347 2363 508 2456 Papistae
530 2365 698 2437 reiiciunt
719 2365 758 2434 in
776 2366 864 2435 urbe
879 2363 1024 2453 Pragac.
1075 2359 1227 2456 Cypria-

238 2489 304 2538 nus
330 2459 398 2536 hac
422 2467 499 2559 ipsa
524 2467 639 2538 torma
663 2489 749 2536 usus
775 2479 828 2536 est
853 2463 893 2534 in
917 2463 1119 2556 precatione
1145 2475 1227 2532 ante

236 2568 449 2660 supplicium
483 2567 597 2654 dicta,
635 2591 726 2660 quae
753 2580 847 2640 extat
872 2567 911 2634 iu
936 2564 1046 2640 Basil.
1072 2563 1228 2634 editione

235 2692 313 2762 pag.
327 2665 432 2744 505.:
457 2691 521 2759 ego
539 2682 620 2763 peto
634 2692 655 2739 a
671 2683 721 2754 te,
743 2669 890 2740 domine
906 2665 986 2738 lesu
1002 2660 1163 2752 Christe,
1188 2677 1228 2736 ut

236 2784 356 2862 petas,
380 2783 419 2842 ut
442 2772 547 2842 detur
562 2765 651 2840 mihi
666 2785 730 2846 etc.
781 2769 876 2840 Vide
892 2769 1024 2842 locum.
1076 2766 1228 2859 Quaeso,

235 2887 274 2944 ut
299 2874 643 2966 exempla'quaeras,
670 2887 705 2944 et
727 2868 817 2942 mihi
837 2873 970 2942 scribas
993 2886 1070 2942 tuas
1094 2869 1228 2960 cogita·

235 2975 360 3048 tiones.
412 2973 509 3046 Bene
526 2976 615 3052 vale.
667 2973 735 3048 Die
752 2975 815 3050 20.
833 2973 924 3045 Maii
952 2967 1179 3072 [1558.]**)
1212 3026 1214 3030 -

1028 3105 1229 3202 Philippus.

1044 3331 1220 3348 u--d

235 3479 302 3554 No.
323 3477 437 3556 5990.

246 3575 418 3606 Μ

1054 3497 1112 3558 20.
1129 3485 1215 3554 Maii.

1050 3575 1222 3607 Μ

589 3683 883 3774 &Fabricio

339 3843 425 3918 Epist.
440 3843 487 3902 lib.
501 3845 536 3903 V.
549 3865 577 3920 p.
590 3845 642 3902 428
653 3865 695 3920 sq.

285 3997 487 4101 Georgio
512 3999 763 4178 Fabripob'o,
793 4001 1024 4100 gubernanti
1047 3996 1175 4084 Schol.

720 4131 791 4184 csn.

231 4243 415 4340 Narrant,
440 4257 481 4328 in
504 4251 689 4326 Morovio
712 4255 885 4328 decidisse
905 4278 1070 4347 magnam
1093 4255 1225 4326 molem

234 4360 372 4449 igneam
394 4385 436 4431 ex
458 4361 557 4446 aiire,
581 4373 622 4430 ut
637 4381 740 4451 saepe
757 4358 815 4446 fit,
844 4372 878 4430 et
896 4359 1076 4444 existimo,
1103 4355 1226 4429 insen·
1276 4366 1344 4443 No,
1359 4365 1472 4444 5992,

233 4461 284 4530 dii
306 4463 490 4534 materiam
510 4463 637 4547 luisse,
670 4483 760 4555 quae
781 4460 888 4533 efficit
909 4461 1060 4552 speciem
1072 4454 1224 4553 χάσμα-

232 4587 311 4651 τος,
338 4579 402 4636 aut
415 4565 484 4636 alia
500 4564 635 4634 maiora
648 4555 858 4638 dedecuere.
908 4562 979 4636 Sed
995 4563 1124 4634 fabella
1140 4563 1224 4632 inde

233 4688 350 4756 sparsa
365 4681 428 4737 est.
478 4663 670 4760 Reliquam
686 4657 856 4736 Cometoe
879 4687 1028 4735 massam
1054 4663 1105 4736 ibi
1128 4663 1223 4740 deci-

232 4768 324 4836 disse
341 4781 375 4837 et
393 4783 636 4862 consumptam
654 4791 737 4839 esse.
790 4766 843 4838 Te
859 4780 979 4838 tamen
994 4789 1077 4848 oro,
1101 4778 1143 4836 ut
1155 4789 1223 4835 no-

2153 1742 2202 1822 th·
2221 1742 2260 1820 t)

1622 1903 1689 2014 112
1707 1925 1921 2014 Besoldo.

1346 2090 1366 2154 †
1385 2085 1423 2142 Er
1436 2086 1592 2162 apographo
1604 2087 1634 2144 ln
1648 2089 1712 2146 eod.
1727 2087 1842 2146 Monac·
1855 2089 1900 2145 ⁸9.
1918 2087 1973 2145 Νο.
1986 2085 2035 2146 vt.
2054 2107 2083 2160 p.
2098 2085 2159 2142 tet.

1463 2241 1524 2318 Μ.
1547 2243 1840 2344 Hieronymo
1864 2241 2087 2324 Besoido.

1280 2377 1329 2468 S·
1355 2393 1404 2466 D.
1457 2390 1515 2464 Ad
1532 2389 1711 2466 Iacobum
1722 2389 1920 2492 Rnngium
1936 2395 2031 2484 misi,
2052 2411 2088 2468 et
2107 2397 2274 2468 tuaslite-

1279 2518 1336 2566 ras
1351 2495 1395 2564 ad
1410 2519 1467 2565 me
1486 2495 1632 2587 scriptas
1648 2511 1682 2568 et
1696 2523 1811 2569 meam
1825 2495 2116 2572 adhortationem
2143 2502 2195 2571 de
2214 2501 2274 2570 rui-

1280 2598 1439 2689 gratione
1456 2593 1479 2690 ¹)
1506 2622 1570 2690 per
1592 2600 1763 2672 nuncium
1781 2625 1861 2672 meo
1882 2614 2027 2694 sumptu
2042 2604 2276 2688 conductum,

1281 2700 1427 2794 eiusque
1447 2724 1545 2771 nunc
1558 2702 1713 2773 reditum
1730 2698 1848 2774 adhuc
1864 2717 2021 2795 expecto·
2071 2703 2131 2774 Ac
2147 2706 2181 2774 si
2199 2729 2276 2798 pro-
2365 2693 2366 2728 ³

1281 2803 1373 2872 cedit
1386 2799 1658 2874 Ratisbonensis
1675 2819 1870 2877 conventus
1880 2801 1920 2899 ²),
1943 2805 2107 2877 fortassis
2126 2819 2274 2900 tempus,
2365 2823 2366 2830 ’

1281 2905 1377 3000 quod
1388 2902 1541 2974 Pericles
1549 2906 1749 2977 nominavit
1762 2903 1885 3002 σοφὸν
1900 2899 2127 3002 σύμβουλον
2139 2909 2272 3004 aliquid

1281 3007 1405 3076 afferet
1422 3007 1574 3081 consilii.
1623 3005 1678 3086 De
1692 3009 1838 3079 caeteris
1853 3009 1959 3080 rebus
1973 3011 2037 3080 etsi
2056 3012 2179 3082 multa
2194 3011 2271 3082 suui

1281 3109 1388 3178 audio
1401 3133 1475 3178 non
1490 3110 1605 3178 solum
1623 3111 1662 3178 in
1676 3111 1853 3204 imperiis,
1874 3111 2056 3184 sedetiam
2071 3113 2121 3184 ab
2141 3115 2270 3208 inquie-

1281 3211 1417 3281 tissimo
1433 3234 1559 3300 genere
1576 3206 1762 3282 hominum
1777 3207 2018 3312 ὃημηγορικῷ
2031 3217 2160 3306 potius
2175 3237 2265 3311 quan

1282 3307 1497 3403 theologico,
1524 3337 1598 3382 non
1617 3315 1704 3387 libet
1720 3313 1885 3385 scribere.
1932 3313 2013 3386 Hoc
2034 3321 2208 3402 namabo,
2229 3316 2258 3382 iu

1281 3409 1466 3485 Mororiu
1492 3415 1623 3486 decidit
1643 3439 1684 3486 ex
1707 3417 1789 3488 a'dre
1814 3418 1999 3489 interram
2019 3414 2248 3510 ingensrnesse

1281 3519 1408 3586 ardens
1425 3513 1467 3607 ³).
1518 3515 1607 3588 lnde
1628 3517 1757 3590 labella
1781 3543 1901 3611 sparsa
1922 3533 1992 3606 est,
2023 3520 2080 3591 ibi
2106 3518 2251 3593 decidisse

1282 3620 1458 3713 reliquum
1473 3633 1628 3689 cometae
1644 3633 1679 3690 et
1694 3620 1922 3710 deflagrasse,
1954 3619 2020 3691 etsi
2037 3623 2173 3694 fabella
2190 3620 2263 3692 ridi-

1281 3723 1358 3791 cula
1381 3734 1449 3806 est3
1483 3745 1558 3792 non
1581 3721 1676 3791 enim
1697 3721 1765 3793 luit
1787 3723 1848 3794 illa
1872 3745 1985 3794 massa
2008 3747 2093 3818 pars
2108 3725 2269 3798 Cometae

1280 3823 1340 3892 sed
1357 3824 1444 3892 alibi
1460 3847 1501 3892 ac
1514 3823 1661 3915 propius
1676 3847 1819 3896 accensa
1834 3825 2002 3912 materia,
2035 3841 2077 3899 ut
2091 3827 2211 3899 multa
2225 3824 2275 3896 di·

1280 3926 1391 3996 versis
1414 3925 1502 3996 locis
1524 3917 1725 4000 dedecoret!
1747 3931 2009 4016 accenduntur,
2043 3951 2129 4002 cum
2154 3933 2279 4002 ardent

1280 4041 1446 4100 cometae.

2143 4375 2202 4455 (h-
2222 4378 2265 4458 t·)

1285 4466 1455 4496 Μ

1680 4533 1757 4652 (ll
1785 4533 1863 4650 tv.)

1344 4698 1367 4769 †
1386 4697 1907 4780 &emmerammenses
1924 4695 2041 4756 ttsvt.
2061 4697 2200 4774 plm-

232 4869 288 4938 bis
310 4868 502 4960 significes,
533 4871 564 4940 si
586 4867 674 4965 quid
699 4893 738 4940 ea
761 4871 806 4940 de
826 4893 865 4940 re
881 4867 1062 4940 audivisti.
1112 4865 1222 4938 Mitto
1275 4849 1563 4954 (Fragmentum
1584 4853 1784 4956 Epistulae
1799 4853 1892 4932 Met
1906 4855 1987 4928 sine
2008 4857 2294 4958 inscriptione.)

232 4971 300 5042 tibi
333 4971 530 5062 exemplum
565 4975 644 5044 τῶν
676 4965 963 5068 ὑπομνημάτων
994 4971 1040 5041 de
1074 4967 1223 5062 epistola
1275 4994 1324 5083 s·
1351 5003 1396 5082 D·
1446 5004 1658 5078 Reverendo
1674 5008 1731 5076 vir
1744 5019 1780 5080 et
1792 5005 2109 5080 mmmmm
2160 5005 2291 5103 opu.

231 5069 336 5143 Pauli
358 5075 403 5144 od
420 5071 603 5146 Romanos
624 5074 772 5167 scripta,
798 5099 888 5170 quae
907 5073 1020 5165 leges,
1049 5085 1089 5144 ut
1105 5071 1223 5157 iudex,

231 5247 446 5262 *⁵*-

264 5329 293 5398 *)
315 5330 391 5386 Parti
409 5333 442 5388 eb
461 5327 565 5388 Eitzen.

263 5418 307 5486 ss)
329 5421 439 5472 Annum
453 5418 532 5500 uncis
545 5417 654 5481 inclusi,
672 5419 773 5542 οοίξὲρε
785 5437 815 5474 er
829 5417 944 5474 arbitrio
960 5417 1092 5485 additam.
1112 5419 1221 5494 Scripta

297 5496 386 5540 eutem
402 5495 443 5540 est
457 5485 570 5557 epistola
584 5503 659 5544 enno
679 5491 710 5543 15
746 5525 755 5543 .

1273 5111 1363 5191 rim,
1390 5132 1445 5178 me
1463 5109 1623 5203 quotidie
1637 5123 1753 5179 tecum
1771 5121 1901 5180 etcum
1920 5101 2077 5194 Menio,
2104 5113 2170 5206 qui
2201 5138 2289 5185 eru·

1280 5251 1318 5263 -

1310 5319 1335 5380 t)
1355 5315 1437 5371 ridel.
1451 5315 1662 5388 Norinbergem.

1308 5401 1336 5472 2)
1356 5402 1453 5456 Mense
1467 5401 1540 5459 lulio
1556 5405 1623 5459 1556
1636 5403 1755 5463 habitus·

1306 5487 1335 5557 d)
1359 5485 1418 5544 Vid.
1432 5507 1475 5560 ep.
1490 5488 1524 5543 ed
1538 5488 1647 5588 tmric.
1662 5489 1689 5546 d.
1702 5490 1744 5548 20.
1758 5488 1826 5546 Maii
1840 5489 1867 5547 h.
1879 5507 1915 5564 ι.
