4808 6176
234 287 310 361 895

244 563 329 635 sime
343 561 463 629 trater.
512 551 783 650 DieStephani.

1060 969 1121 1034 26.
1134 957 1212 1026 Des.

1060 1051 1232 1084 M!

247 965 315 1039 No.
327 962 442 1040 5704.

250 1062 454 1100 Μ

512 1159 575 1251 Α.
604 1159 973 1271 Hardenbcrgc'o.

316 1359 387 1432 Epp,
400 1358 434 1416 sd
449 1357 635 1429 lisrdsnlserg.
653 1375 697 1430 ep.
708 1355 753 1410 62.

425 1546 480 1622 D.
505 1545 702 1622 Aiberto
726 1539 1060 1639 Hardebergio

246 1703 296 1793 S.
321 1713 365 1786 D.
416 1712 626 1786 Reverende
651 1713 706 1780 vir
728 1723 763 1780 et
787 1711 964 1780 carissime
983 1712 1104 1785 frater.
1154 1709 1236 1783 Scio

245 1834 281 1890 te
302 1819 418 1886 virum
441 1816 619 1883 eruditum
636 1827 672 1882 et
687 1812 879 1904 sapientem
899 1813 1007 1882 multa
1025 1814 1175 1902 cogitare
1192 1817 1236 1884 de

246 1917 429 1989 communi
463 1916 667 1984 infirmitate
701 1913 838 2002 generis
870 1907 1039 1998 humani,
1074 1929 1105 1984 et
1133 1939 1235 1985 nosse

247 2017 532 2090 consolationum
554 2018 686 2101 sontes,
712 2039 801 2108 quae
823 2029 855 2084 et
877 2017 915 2082 in
935 2017 1095 2086 doctrina
1111 2013 1235 2086 Eccle-

246 2123 320 2190 siae
341 2132 610 2210 proponuntur,
644 2133 678 2188 et
703 2117 741 2184 in
763 2117 915 2186 aliorum
939 2119 1137 2207 sapientum
1161 2143 1236 2186 ser-

247 2221 425 2293 monibus.
485 2217 554 2290 Sed
588 2244 656 2288 vox
683 2218 805 2288 diviua
831 2219 871 2286 in
898 2215 1053 2287 Ecclesia
1080 2219 1235 2289 ostendit

246 2337 389 2414 portum
414 2315 539 2390 harum
562 2322 803 2403 miseriarum,
828 2333 869 2388 ut
888 2321 932 2388 de
945 2315 1126 2409 Stephano
1148 2321 1235 2388 scri-

246 2439 348 2516 ptum
372 2436 438 2492 est:
471 2419 580 2515 (Nam
596 2417 688 2490 hanc
702 2420 886 2511 epistolam
903 2421 984 2489 dedi
1001 2421 1152 2505 nuncio,
1177 2421 1235 2490 die

245 2520 437 2615 Stephani)
467 2519 555 2590 Ibat
580 2545 695 2589 ovans
717 2517 857 2588 animis
879 2527 910 2588 et
926 2543 988 2617 spe
1004 2545 1074 2590 sua
1093 2515 1234 2590 damna

247 2621 406 2694 levabat.
456 2620 548 2693 Cum
571 2622 679 2711 igitur
701 2623 884 2714 aliquantu
909 2638 987 2712 pust
1010 2623 1046 2691 in
1069 2623 1146 2692 luce
1163 2625 1235 2693 cla-

247 2726 386 2795 rissima
411 2723 525 2794 Deum
550 2736 584 2792 et
605 2723 718 2794 lilium
740 2725 815 2792 eius
838 2719 883 2814 D.
898 2721 943 2798 N.
961 2722 989 2798 l.
1005 2721 1045 2794 C.
1066 2737 1099 2794 et
1120 2738 1236 2796 totum

247 2849 372 2916 agnem
396 2824 552 2896 coeleste.
567 2825 707 2894 visurus
726 2824 792 2909 sis,
826 2825 945 2894 minus
963 2825 1103 2912 doleas,
1137 2829 1234 2920 quod

246 2951 343 2996 nunc
364 2926 461 2996 oculi
475 2938 559 2996 sunt
574 2921 772 2996 hebetiores
788 2926 911 3015 exiguo
935 2941 1104 3018 tempore.
1156 2923 1234 3000 Oro

247 3041 365 3103 sutem
391 3025 432 3100 F.
452 3024 516 3106 D..
550 3028 736 3098 dominum
758 3041 920 3098 nostrum
942 3026 969 3098 1.
993 3026 1052 3109 C..
1084 3043 1126 3100 ut
1150 3042 1235 3100 teet

248 3152 315 3200 uos
346 3129 529 3218 gubernet.
593 3127 637 3198 ln
662 3125 717 3200 his
742 3123 946 3198 Academiis
971 3131 1087 3200 studia
1112 3132 1234 3200 eadem

248 3241 333 3302 sunt
354 3231 615 3316 doctrinarum,
651 3254 740 3324 quae
763 3231 895 3300 vidisti.
961 3225 1009 3302 Et
1034 3227 1173 3300 honesti
1195 3255 1235 3302 ac

247 3332 344 3404 docti
359 3331 426 3400 viri
446 3355 568 3402 omnes
583 3345 616 3400 te
631 3333 805 3420 diligunt,
839 3345 873 3401 et
887 3354 989 3422 saepe
1004 3327 1234 3402 honorificam

248 3434 301 3502 tui
319 3433 535 3502 mentionem
551 3433 697 3506 faciunt.
731 3429 891 3521 Pagellas
906 3433 1008 3502 vobis
1022 3434 1137 3515 mitto,
1156 3457 1234 3504 meo

247 3556 365 3616 more,
391 3557 480 3626 quae
497 3529 710 3602 Academiae
728 3533 843 3602 studia
862 3535 1064 3607 ostendunt.
1115 3533 1235 3604 Metus

248 3657 384 3706 novum
407 3634 559 3718 bellum,
593 3634 637 3704 de
663 3659 733 3726 quo
758 3634 860 3724 plura
881 3636 1094 3726 scirepotes.
1144 3634 1233 3706 Nam

248 3737 342 3825 apud
370 3757 433 3804 vos
465 3733 584 3823 colligi
615 3735 734 3827 copias
758 3725 898 3804 Conciti
917 3729 1236 3824 Albcrtodieitur.

248 3832 327 3904 Oro
343 3835 383 3910 F.
399 3833 445 3908 D.
463 3848 503 3904 ut
517 3857 582 3904 nos
601 3861 722 3906 omnes
736 3839 910 3926 gubernet
926 3863 965 3908 ac
985 3851 1144 3929 protegat
1159 3863 1236 3915 nos.

247 3933 345 4006 Beue
359 3951 397 4008 et
412 3936 563 4008 feliciter
579 3939 665 4012 vale.
717 3935 785 4008 Die
800 3933 973 4031 Stephani
993 3936 1101 4011 1555.

986 4071 1185 4167 Philippus.
1221 4167 1230 4178 ,

248 4311 427 4324 mvn-ffl-
433 4307 711 4320 o-s--Q-s--no—-w-
721 4309 867 4320 mnus—...-

260 4467 330 4539 No-
345 4465 461 4542 5705.

254 4563 465 4602 ἥρω

1067 4485 1125 4545 26.
1145 4473 1222 4544 Dec.

1059 4565 1230 4598 NON

541 4663 694 4750 lauch.
721 4667 932 4753 Maliaco.

317 4855 402 4926 Epist.
417 4855 465 4911 lib.
481 4856 516 4912 ΙΙ.
534 4874 561 4932 p.
574 4854 636 4912 517.
656 4855 712 4926 (ed.
728 4854 816 4913 tout.
834 4856 883 4914 lib.
894 4859 929 4914 ll.
947 4877 989 4932 ep.
1001 4861 1083 4928 nih).

462 5027 516 5106 D.
542 5023 791 5102 Inachimc
816 5027 1022 5106 Mollero

214 5255 217 5262 .
247 5183 295 5272 S.
320 5191 365 5268 D.
417 5191 617 5266 Clarissima
636 5197 693 5266 vir
711 5211 744 5268 et
759 5193 962 5270 charissime
976 5203 1095 5276 frater.
1149 5203 1231 5277 Scin

246 5314 281 5370 te
303 5297 505 5367 meminisse
527 5289 769 5368 Pindaricum
792 5301 898 5370 illud:
932 5295 1063 5374 Facile
1084 5313 1137 5376 cst
1151 5329 1231 5375 rno-

247 5422 321 5470 vere
338 5395 538 5484 civitatem,
563 5392 630 5468 sed
645 5421 772 5472 rursus
787 5397 914 5474 sedare
930 5413 1089 5490 motam,
1111 5403 1245 5479 soiius·

810 271 1249 353 srtsrotasurt
1299 271 1521 356 utnxtt
1575 274 1707 358 test.

243 457 470 530 inferioribus
484 450 626 529 scholis.
677 451 775 525 Bene
793 465 826 524 et
839 451 990 523 feliciter
1006 451 1085 522 vale
1102 445 1238 522 charis-

2198 279 2277 355 596

1288 443 1367 518 Dei
1378 456 1439 519 est.
1473 447 1556 521 Nou
1571 452 1679 542 igitur
1693 446 1859 524 humanis
1874 453 2032 526 consiliis
2048 447 2277 526 Germaniae

1288 552 1529 645 tranquillitas
1548 553 1687 624 restitui
1710 569 1834 647 potest.
1891 553 1992 628 'fuae
2016 557 2139 628 literae
2156 579 2277 650 nuper

1258 691 1259 702 κ
1287 676 1385 743 spem
1426 654 1522 744 pacis
1560 657 1811 738 ostendebant,
1851 659 1912 728 sed
1953 681 2069 730 comes
2099 655 2274 730 Aibertus

1288 747 1593 853 Mansseidensis
1617 781 1780 828 excussus
1805 781 1847 828 ex
1868 761 1998 850 patria,
2033 761 2275 854 recuperatio·

1289 880 1371 926 nem
1391 858 1548 934 molitur.
1598 859 1766 950 Legimus
1784 855 2009 954 Antigonum
2029 885 2144 933 annos
2158 885 2274 932 unum

1290 971 1325 1030 et
1345 959 1521 1048 octoginta
1547 982 1722 1050 egressum
1738 985 1832 1047 esse,
1856 987 1936 1032 curn
1955 963 1994 1032 in
2008 963 2081 1034 acie
2099 963 2277 1034 dimicans

1289 1059 1405 1152 periit.
1455 1059 1569 1133 Periit
1588 1063 1626 1131 in
1648 1062 1723 1132 acie
1745 1079 1778 1134 et
1791 1057 2045 1157 Lysimachus
2060 1066 2277 1157 octogesimo

1289 1161 1412 1232 aetatis
1446 1185 1558 1244 anno,
1597 1178 1716 1255 postea
1742 1160 1932 1256 Seleucus,
1971 1189 2127 1258 egresssn
2161 1189 2280 1237 annos

1290 1277 1422 1354 septem
1439 1278 1473 1336 et
1487 1266 1718 1357 septuaginta.
1764 1265 1815 1337 lta
1832 1263 1891 1338 hic
1905 1292 2009 1338 senex
2025 1289 2143 1340 comes
2159 1291 2281 1359 egres-

1290 1385 1348 1433 sus
1363 1389 1497 1433 annum
1511 1366 1659 1437 alterum
1675 1382 1709 1438 et
1724 1369 2035 1459 septuagesimum,
2061 1393 2186 1442 recens
2200 1384 2283 1440 ten-

1288 1467 1377 1535 tavit
1391 1469 1689 1558 oppugnationem
1702 1469 1791 1538 arci's
1806 1465 2097 1570 Mansseldicae.
2149 1471 2281 1543 Metuo

1290 1561 1374 1654 haec
1397 1569 1498 1638 initia
1519 1582 1554 1639 et
1577 1595 1640 1640 oro
1656 1570 1788 1642 Filium
1806 1569 1893 1658 Dei,
1924 1587 1966 1644 nt
1990 1568 2045 1642 his
2068 1573 2281 1662 regionibus

1289 1669 1448 1740 restituat
1474 1695 1605 1760 pacem.
1665 1669 1738 1742 Vos
1760 1673 1839 1744 istic
1861 1675 1961 1764 plura
1984 1698 2080 1745 nunc
2104 1675 2198 1746 scire
2216 1701 2278 1768 po-

1289 1773 1396 1842 testis.
1449 1770 1557 1843 Mitto
1572 1774 1732 1864 pagellas,
1753 1799 1903 1868 quarum
1918 1777 1990 1846 scio
2004 1777 2070 1846 tihi
2085 1777 2275 1848 lectionem

1288 1895 1361 1941 non
1385 1871 1565 1943 insuavem
1590 1897 1674 1948 esse.
1728 1875 1815 1946 Viro
1837 1877 2032 1948 clarissimo
2059 1899 2177 1947 socero
2195 1893 2268 1960 tuo,

1287 1985 1322 2042 et
1347 1973 1412 2046 toti
1436 1990 1571 2046 vestrae
1587 1973 1764 2048 Ecclesiae
1780 1979 1991 2050 domesticae
2004 1979 2152 2050 salutem
2166 1989 2270 2068 opta-

1288 2098 1384 2160 mus,
1407 2098 1489 2164 ego,
1514 2091 1548 2147 et
1574 2101 1671 2148 meus
1696 2101 1820 2169 gener,
1845 2095 1880 2152 et
1894 2082 2003 2152 frater
2017 2095 2123 2165 tuus,
2150 2093 2184 2150 et
2198 2075 2273 2146 Er-

1286 2185 1427 2260 nectus,
1460 2191 1496 2246 et,
1516 2179 1626 2248 frater
1648 2173 1884 2275 θεοδώρικος.
1942 2179 2042 2252 Bene
2065 2183 2157 2252 vale.
2210 2177 2281 2250 Dis

1286 2269 1480 2373 Stephani.
1532 2276 1641 2350 Anno
1662 2280 1771 2357 1555.

1496 2413 1512 2447 ἣ

1284 2675 1351 2751 Νο.
1365 2675 1478 2752 5706.

2133 2685 2280 2758 81·οω

1293 2773 1463 2806 «m»
2148 2779 2280 2805 ...m

1438 2883 1837 2974 Carecionatcrs'bus
1864 2884 2113 2971 Francicis.

1352 3056 1450 3112 Manlii
1469 3057 1565 3128 isrrsg.
1584 3075 1611 3128 p.
1625 3056 1661 3112 94
1673 3074 1714 3127 sq.
1749 3057 1869 3130 Repetite
1891 3076 1905 3110 s
1925 3053 2014 3112 Penel.
2035 3055 2063 3110 in
2085 3055 2156 3114 Mel.
2172 3059 2278 3114 Consil-

1387 3125 1433 3180 lat.
1458 3125 1489 3179 P.
1505 3127 1539 3180 ll.
1564 3145 1590 3196 p.
1607 3125 1681 3180 ttss
1704 3164 1712 3181 .
1737 3153 1773 3168 -
1814 3129 1837 3180 Α
1859 3125 1976 3198 ogrsplrs
1996 3123 2023 3186 in
2045 3127 2108 3182 eod.
2131 3127 2234 3184 Mehrs.
2246 3127 2278 3184 11.

1405 3143 2000 3276 ,26711ιιῑιιοοα.5ιι.1ρ1.1ο1ηο.7.9.
2032 3195 2140 3256 Am.
2158 3227 2197 3242 α-
2231 3195 2277 3251 Est

1420 3283 1452 3318 ec
1464 3263 1576 3339 epistola
1587 3281 1747 3333 responsum
1759 3263 1792 3318 sd
1805 3263 1894 3318 lateras
1906 3261 2003 3316 Stiiier
2030 3275 2057 3318 et
2074 3261 2232 3335 Sebageii,
2250 3273 2277 3320 st

1386 3331 1547 3406 intelligitur
1560 3353 1589 3386 er
1604 3331 1686 3386 altera
1700 3333 1796 3387 horum
1816 3331 1960 3384 hominurn
1974 3333 2105 3403 epistola,
2131 3351 2222 3402 qnam
2234 3338 2272 3388 is·

1385 3400 1468 3458 irad.
1485 3404 1530 3460 21.
1543 3403 1623 3458 Febr.
1635 3420 1680 3458 su.
1695 3401 1769 3458 tsss.
1787 3401 1926 3468 dedimus,
1952 3417 1983 3453 ss
1996 3419 2048 3472 qus
2059 3403 2141 3456 etiarn
2158 3402 2267 3458 Pats-

1386 3470 1506 3526 Eberuns
1521 3469 1587 3526 huic
1601 3471 1730 3540 epistolae
1747 3469 1951 3543 subscripsisse,
1968 3479 2157 3542 cognoscitur.

1309 3621 1496 3722 Scriptum
1525 3621 1578 3696 D.
1607 3618 1797 3724 Pttttppt,
1831 3620 1887 3694 ad
1906 3620 2185 3722 praedicatores
2214 3627 2254 3698 in

1334 3721 1524 3809 Francia,
1551 3722 1602 3798 de
1634 3725 1887 3799 elevatione
1915 3723 2229 3805 Sacramenti.

1285 3881 1400 3962 Anno
1419 3885 1527 3961 1542.
1550 3881 1735 3962 Lutherus
1757 3915 1821 3962 suo
1840 3889 1992 3974 iudicio,
2018 3913 2093 3960 non
2109 3891 2224 3962 relata
2242 3913 2277 3960 rs

1285 3995 1329 4064 ad
1351 3994 1502 4064 aliorum
1528 3993 1836 4078 deliberationem,
1867 3991 1969 4064 iussit
1988 3991 2103 4062 omitti
2128 3991 2243 4062 ritum
2253 3989 2278 4084 ¹)

1286 4095 1427 4164 levandi
1453 4094 1731 4166 Sacramentum.
1790 4091 1881 4165 Cum
1903 4107 2277 4186 autern'sequerentur

1286 4212 1476 4268 venenatae
1493 4192 1793 4290 reprehensiones,
1820 4209 1853 4266 et
1870 4195 2033 4266 venirent
2047 4195 2090 4264 ad
2108 4219 2191 4264 eum
2210 4190 2277 4263 bo-

1286 4299 1392 4390 spites
1419 4297 1542 4382 multi,
1581 4322 1732 4391 quorum
1755 4295 1893 4390 aliquos
1915 4297 2101 4366 nominare
2124 4320 2279 4386 possem,

1286 4402 1389 4472 etiam
1404 4401 1597 4470 insuaviter
1611 4397 1823 4470 sciscitantes
1840 4421 1992 4484 causam,
2017 4397 2067 4467 ait
2080 4420 2117 4468 se
2133 4391 2191 4468 bis
2210 4399 2278 4470 tri·

1284 4503 1352 4572 bus
1366 4503 1480 4571 causis
1494 4515 1629 4572 motum
1646 4523 1729 4573 esse.

1386 4615 1542 4688 Primam
1557 4618 1695 4688 dicebat
1711 4637 1784 4685 esse
1801 4610 1849 4707 ’),
1881 4637 1961 4686 cnm
1985 4614 2142 4686 tollenda
2165 4615 2212 4686 sit
2235 4641 2278 4686 ex

1284 4717 1440 4789 Ecclesia
1464 4719 1642 4810 persuasio
1664 4718 1789 4807 impia,
1822 4717 1958 4806 fingens
1982 4715 2199 4786 sacrificulos
2221 4721 2277 4788 ni·

1283 4823 1376 4890 ferre
1389 4815 1571 4892 Christum
1593 4845 1659 4912 pro
1673 4817 1765 4888 vivis
1786 4830 1819 4888 et
1840 4817 2010 4902 mortuis,
2036 4831 2070 4888 et
2085 4811 2153 4888 hac
2170 4819 2276 4890 obla·

1282 4922 1381 4992 tione
1400 4923 1452 4992 eis
1467 4917 1496 5017 ³)
1521 4922 1647 4992 mereri
1669 4919 1912 4990 remissionem
1932 4933 2174 5012 peccatorum:
2210 4921 2274 4992 sit-

1283 5095 1488 5113 otuu—0*-

1318 5197 1344 5266 1)
1364 5195 1427 5252 Pes.
1440 5213 1493 5250 seu
1512 5195 1647 5264 offerendi
1660 5213 1710 5252 seu
1728 5197 1858 5258 tensum}
1882 5193 1944 5249 eod.
1956 5193 2074 5266 Guslpb.
2093 5195 2182 5246 rr‘tusn
2204 5193 2272 5262 sls-

1348 5268 1433 5318 rendi
1440 5269 1574 5320 truaturn.

1313 5349 1348 5421 2)
1366 5349 1452 5406 Msnl.
1470 5349 1602 5406 Ρήιηιιιη
1616 5351 1734 5405 caetea

1312 5433 1342 5507 d)
1362 5433 1496 5490 Peneos.
