4808 6176
239 259 314 338 566
763 305 765 311 ⁴
828 267 1266 354 Ertsrotattust
1326 267 1434 350 utu.
1458 267 1541 346 Xll.
1572 269 1704 352 1654.
2199 276 2282 353 856

346 434 400 510 Ac
431 441 498 512 scit
522 431 721 512 Matthias
755 463 856 532 saepe
889 464 955 512 nos
987 443 1090 512 valde
1117 463 1234 511 orasse
1284 454 1432 532 propter
1447 438 1696 513 Mediatorem.
1747 439 1850 514 Hanc
1870 465 1946 514 esse
1966 445 2166 517 doctrinam
2191 448 2280 518 sirn-

247 543 381 633 ipsum,
415 557 455 614 ut
478 567 515 612 se
531 546 576 614 ad
593 567 802 614 consensum
819 539 1059 616 Ecclesiarum
1073 545 1111 618 in
1127 537 1233 618 Pan·
1288 543 1414 632 plicem
1445 556 1479 614 et
1503 544 1767 635 incorruptam,
1804 547 1968 616 traditam
1994 547 2033 615 in
2057 542 2283 640 propheticis

247 641 363 711 nonio
381 646 608 734 adiungeret,
631 647 692 715 sed
710 659 836 714 natura
851 657 902 714 est
916 647 1024 716 nimis
1039 671 1162 716 amans
1177 671 1236 715 ar·
1287 658 1322 713 ει
1336 641 1546 738 Apostolilis
1560 645 1700 738 scriptis
1714 647 1943 718 manifestum
1954 661 2026 733 est,
2049 663 2092 720 ut
2107 650 2146 718 in
2162 643 2283 720 Psal-

247 745 436 833 gutiarum.
493 743 549 816 Εο
566 743 591 842 ¹)
624 747 705 838 plus
732 746 881 838 pericnli
908 763 959 818 est
985 748 1237 834 iudicantibus,
1288 770 1347 814 mo
1371 747 1518 818 dicitur:
1559 741 1714 816 Salvam
1738 771 1793 817 me
1813 748 2051 846 sarapropter
2072 748 2282 822 misericor-

247 846 330 940 quia
358 841 521 918 homines
548 849 665 938 arguti
686 848 762 918 sine
788 849 856 918 line
879 863 1056 942 quaerunt
1078 851 1237 941 disputa·
1289 843 1391 916 diam
1418 856 1531 920 tuam.
1583 845 1631 919 Et
1645 843 1795 920 Daniel
1808 851 1943 944 inquit:
1966 844 2057 924 Non
2072 849 2283 926 iniustitia

247 947 387 1018 tionum
411 949 626 1040 praestigias.
677 948 747 1021 Sed
771 949 923 1038 simplici
942 951 1142 1022 etcandido
1159 953 1238 1021 ani·
1289 959 1436 1035 nostra,
1459 943 1528 1018 scd
1545 945 1585 1018 in
1600 947 1853 1022 misericordia
1870 961 1956 1036 tua,
1979 961 2127 1051 propter
2139 947 2283 1024 Dami-

248 1073 327 1128 mo,
356 1063 389 1120 ει
406 1051 460 1142 ρῐε
475 1053 746 1144 respondemus,
772 1047 929 1122 Probare
945 1057 1011 1121 hos
1026 1053 1236 1123 sententiam
1289 1077 1377 1120 num
1399 1043 1541 1122 exaudi
1565 1075 1644 1127 nos,
1711 1049 1760 1128 Et
1782 1045 1927 1124 Paulas
1951 1055 2083 1150 inquit:
2115 1051 2212 1126 Ideo
2235 1081 2286 1128 ec·

241 1145 499 1248 'Bartphensis
518 1148 546 1248 ²)
571 1151 768 1239 Ecclesiae,
808 1179 897 1248 quae
922 1153 1052 1224 retinet
1078 1153 1238 1226 nativum
1277 1148 1359 1247 fide
1370 1152 1513 1248 gratis,
1538 1162 1577 1223 ut
1593 1151 1642 1223 sit
1653 1145 1774 1246 firma
1789 1151 1998 1252 promissio.
2049 1155 2147 1228 Haec
2163 1175 2206 1232 ut
2222 1162 2284 1228 in-

249 1253 466 1352 intellectum
495 1256 766 1348 propositionis,
799 1252 893 1326 Sola
911 1251 939 1348 ³)
953 1249 1036 1347 fide
1058 1250 1238 1348 iustifica-
1289 1257 1511 1346 telligantur,
1542 1280 1618 1326 non
1640 1257 1775 1326 ociosos
1798 1259 2071 1349 speculationes,
2096 1261 2159 1330 sed
2178 1285 2286 1333 veros

249 1377 350 1440 mar,
375 1355 465 1426 sicut
480 1371 551 1427 tota
569 1352 776 1449 Prophetica
795 1371 830 1428 et
846 1356 1049 1446 Apostolica
1065 1361 1238 1450 scriptura
1291 1382 1456 1450 pavores,
1489 1371 1524 1427 et
1544 1382 1663 1426 veram
1682 1359 1959 1430 consolationem
1977 1359 2014 1428 in
2032 1363 2285 1450 conversione,

251 1456 420 1540 affirmat,
456 1457 539 1529 Sola
564 1459 806 1528 misericordia
832 1473 977 1550 propter
1000 1458 1237 1531 Mediatorem
1290 1473 1324 1528 ει
1349 1457 1556 1553 quotidiana
1579 1459 1802 1530 invocatione
1825 1461 2097 1536 consideremus.
2165 1461 2285 1536 Doce-

249 1557 377 1650 recipi,
413 1561 653 1644 reconciliari,
693 1575 727 1632 et
759 1561 928 1631 vivificari
955 1561 1092 1652 Spiritu
1118 1575 1238 1632 sancto
1290 1585 1368 1631 mtts
1384 1585 1458 1630 non
1473 1561 1596 1630 inanes
1610 1555 1865 1660 lenroloyiae,
1892 1564 1953 1634 sed
1969 1587 2091 1633 vocem
2108 1563 2284 1655 divinam,

250 1683 331 1728 vere
358 1663 558 1750 credentes,
582 1663 618 1732 id
640 1677 707 1746 est,
734 1663 861 1738 fiducia
879 1661 961 1733 Filii
980 1661 1046 1732 Dei
1066 1688 1139 1734 sese
1153 1689 1239 1734 con·
1291 1676 1325 1733 et
1343 1687 1399 1732 res
1416 1661 1454 1730 in
1471 1663 1543 1731 vita
1559 1663 1709 1735 maxime
1732 1665 1961 1748 necessarias,
1993 1677 2029 1735 et
2051 1689 2145 1759 quae
2169 1693 2191 1738 a
2214 1671 2282 1762 piis

250 1762 420 1849 solantes;
445 1765 535 1837 sicut
552 1757 699 1834 Paulas
714 1765 849 1858 inquit,
868 1758 1157 1857 Iastficatifidc
1168 1789 1240 1862 pa-
1291 1764 1442 1853 intelligi
1459 1777 1617 1856 possunt.
1668 1761 1829 1835 Dicimus
1844 1790 1929 1836 voce
1942 1765 2065 1836 divina
2079 1770 2186 1858 argui
2202 1795 2278 1862 pec-

248 1885 321 1932 cem
344 1857 534 1938 habemus.
583 1862 663 1937 Etsi
684 1881 800 1938 atatem
826 1862 911 1938 haec
934 1868 1019 1936 fides
1033 1893 1095 1938 seu
1111 1867 1238 1938 fiducia
1290 1879 1425 1946 catum,
1466 1879 1500 1936 et
1535 1889 1658 1935 omnes
1691 1860 1855 1936 homines
1886 1867 2015 1938 debere
2047 1891 2270 1962 expavescere

250 1989 325 2032 non
349 1979 400 2035 est
421 1967 460 2034 in
483 1961 555 2048 his,
582 1969 645 2060 qui
669 1969 781 2039 securi
805 1985 1028 2060 perseverant
1045 1971 1082 2038 in
1098 1969 1240 2040 sceleri-
1290 1969 1471 2058 agnitione
1495 1967 1567 2039 irae
1583 1963 1667 2052 Dei,
1700 1981 1733 2037 ct
1754 1983 2020 2060 expavescentes
2045 1969 2267 2058 isdeudhle-

249 2063 335 2149 hus,
361 2079 397 2136 et
412 2081 495 2137 sunt
510 2069 587 2138 sinc
602 2072 832 2154 contritione,
857 2085 973 2144 tamen
991 2072 1179 2154 corita-itio,
1206 2083 1240 2140 et
1291 2071 1461 2142 diatorem
1486 2065 1691 2160 confregere:
1724 2065 1933 2162 anue.fide
1948 2071 2077 2162 gratis,
2103 2097 2273 2166 nonpro-

249 2189 344 2235 nova
364 2169 566 2240 obedientia
590 2195 663 2242 non
680 2188 764 2244 sunt
783 2197 838 2244 res
854 2175 1069 2266 applicantes
1086 2173 1239 2266 promis-
1289 2187 1369 2262 pter
1389 2172 1650 2256 antecedentia,
1683 2185 1744 2242 aut
1767 2173 1949 2264 sequeutia
1966 2197 2073 2262 opera
2090 2177 2210 2267 accipi
2225 2199 2279 2246 re-

250 2269 387 2340 sionem
405 2269 556 2360 gratiae,
590 2276 729 2348 utdicit
743 2269 943 2344 Matthias
957 2265 1239 2359 Loutsrwaidt‚
1290 2273 1495 2342 missionem
1511 2285 1752 2363 peccatorum,
1783 2273 2108 2344 reconciliationem
2125 2290 2163 2348 et
2179 2277 2280 2348 insti-

250 2383 285 2440 et
299 2370 381 2440 satis
394 2377 578 2444 commode
593 2378 777 2468 respondit
790 2370 1063 2448 Radaschinas
1076 2374 1127 2466 ⁴),
1152 2400 1240 2446 con·
1289 2375 1505 2458 ficationem,
1535 2397 1576 2442 ac
1599 2373 1771 2446 vivificari
1793 2377 1973 2446 credentes
1994 2399 2059 2468 per
2079 2377 2204 2470 ipsum
2220 2377 2280 2449 Fi-

251 2470 433 2542 tritionem
475 2498 550 2544 esse
585 2478 756 2570 quiddam
789 2481 1000 2550 antecedens
1031 2477 1237 2549 necessario.
1289 2475 1378 2566 lium
1404 2471 1473 2546 ttet
1500 2473 1674 2545 dicentem
1701 2478 1978 2548 consolationem
2007 2478 2045 2546 in
2078 2481 2210 2566 corde,
2249 2495 2281 2552 et

248 2569 414 2665 Cumque
439 2576 634 2668 interrogat
655 2573 870 2664 Matthias,
910 2593 1032 2650 utrum
1056 2581 1239 2652 antecedat
1291 2579 1498 2650 liberantem
1514 2601 1575 2646 cnr
1589 2601 1631 2646 ex
1648 2575 1833 2650 doloribus
1849 2579 2066 2663 inferorum,
2091 2584 2183 2652 dato
2199 2581 2281 2673 Spi-

249 2685 292 2742 ut
316 2697 438 2756 causa,
470 2700 515 2746 an
533 2692 574 2756 ut
589 2681 764 2763 medium,
791 2683 1079 2774 Respondemus,
1105 2705 1239 2776 nequa·
1289 2681 1361 2750 ritu
1375 2693 1507 2763 sancto,
1524 2691 1629 2770 atque
1643 2677 1690 2750 ita
1706 2675 1866 2750 inchoari
1881 2705 2009 2754 novam
2022 2682 2280 2760 obedientiam.

252 2798 358 2868 quam
383 2782 588 2852 antecedere
607 2783 877 2870 contritionem,
903 2797 943 2854 ut
955 2807 1093 2856 causam
1111 2784 1237 2854 remis-
1288 2779 1385 2852 llaec
1403 2780 1547 2850 sicheri
1565 2781 1602 2847 in
1619 2803 1700 2848 vera
1718 2784 1949 2851 conversione
1964 2806 2089 2852 omnes
2104 2785 2157 2875 pii
2175 2809 2281 2877 expe-

249 2868 380 2960 rionis,
414 2903 476 2954 seu
501 2884 684 2970 meritum,
717 2910 784 2956 neo
808 2901 849 2958 ut
874 2887 1030 2958 medium
1057 2887 1238 2979 applicans
1288 2883 1442 2955 riuntnr.
1500 2881 1690 2974 Nunquam
1713 2883 1799 2954 dicit
1821 2877 1972 2969 David,
2003 2907 2039 2954 se
2062 2879 2201 2956 habere
2223 2911 2280 2956 re·

250 2979 538 3073 promissionem,
565 2990 625 3058 sed
640 2988 729 3060 sicut
743 2987 885 3074 vienus,
911 3001 974 3062 aut
986 2989 1142 3058 vulneris
1156 3011 1237 3058 sen·
1287 2985 1490 3054 missionem
1514 2997 1737 3076 peccatorum
1763 2986 1906 3076 propter
1923 3009 1984 3055 sua
2000 2988 2094 3056 bona
2111 3013 2222 3080 opera
2241 2989 2280 3058 in

158 3155 159 3158 Ἴ
209 3166 215 3176 ¹
251 3101 310 3150 sus
330 3086 507 3158 antecedit
532 3090 760 3161 curationem.
814 3089 946 3162 Totum
974 3113 1084 3180 genus
1108 3085 1236 3159 huma·
1287 3087 1462 3178 praesenti
1484 3089 1574 3156 sacta
1596 3085 1809 3177 partialiter,
1841 3087 1898 3156 vel
1919 3087 2085 3162 totaliter.
2138 3087 2279 3161 Remo-

250 3205 338 3250 num
353 3207 451 3254 reum
468 3204 519 3259 est
539 3183 738 3260 horrendae
751 3192 824 3262 irae
839 3189 926 3274 Dei,
952 3204 987 3261 ει
1000 3217 1105 3262 sensu
1121 3189 1236 3261 divini
1287 3211 1430 3258 veamns
1451 3182 1515 3258 has
1538 3189 1772 3277 corruptelas,
1797 3213 1863 3258 nec
1879 3190 2036 3260 sinamus
2051 3214 2175 3262 veram
2194 3216 2279 3262 con-

251 3281 375 3354 iudicii
402 3311 463 3374 per
488 3291 722 3362 ministerium
738 3295 836 3364 vocis
851 3294 994 3364 divinae
1012 3293 1191 3384 arguentis
1206 3289 1236 3388 ⁸)
1287 3290 1495 3360 solationem
1519 3289 1586 3379 piis
1611 3289 1790 3358 mentibus
1814 3290 1914 3379 eripi.
1966 3287 2008 3358 ln
2029 3292 2124 3362 reris
2139 3293 2270 3362 dolori·

249 3382 454 3479 peccata⁶),
487 3403 519 3460 et
545 3413 607 3482 per
632 3416 780 3485 poenas,
812 3411 846 3466 et
859 3397 946 3464 alias
962 3394 1064 3466 aliter
1079 3418 1235 3466 commo·
1286 3390 1352 3460 bats
1383 3391 1602 3482 experimur,
1638 3389 1774 3458 nnllam
1801 3413 1874 3460 esse
1898 3391 2032 3460 firmam
2057 3395 2265 3464 consolatio·

249 3486 345 3560 uelit.
398 3486 436 3556 ln
466 3483 520 3559 his
543 3496 737 3567 terroribus
756 3497 861 3567 multi
881 3510 1030 3588 pereunt
1048 3497 1235 3566 irascentes
1287 3516 1387 3572 nem,
1415 3493 1485 3560 ῐιῐδῑ
1501 3487 1609 3576 hant,
1642 3491 1685 3558 ‘¹⁰
1701 3515 1768 3584 ‘1¹¹³
1787 3485 1934 3561 Paulus
1951 3493 2086 3588 lnquit,
2113 3491 2269 3566 detss

248 3579 345 3670 Deo,
370 3604 431 3660 aut
445 3586 629 3688 Epicureo
644 3613 848 3690 contemptu
863 3600 972 3689 magis
990 3612 1131 3669 ruentes
1148 3620 1233 3668 con·
1272 3585 1355 3683 fide
1367 3592 1511 3688 gratis,
1538 3599 1577 3692 at
1590 3590 1639 3662 sit
1644 3585 1763 3684 firma
1777 3589 1985 3688 promissio.

243 3700 302 3758 tra
317 3685 446 3761 Deum.
495 3690 568 3764 Alii
585 3721 658 3766 non
676 3716 910 3792 repugnantes
926 3699 1022 3780 Deo.
1049 3701 1109 3769 sed
1125 3723 1234 3794 quae·
1387 3693 1480 3785 Quia
1506 3695 1614 3785 igitur
1626 3687 1822 3772 Matthias
1838 3689 2105 3766 Lautcrrvaldt
2126 3701 2278 3772 damnat

243 3803 366 3860 *rentes
387 3797 663 3868 consolationem
687 3801 725 3870 in
751 3827 836 3872 voce
850 3799 1037 3894 Evangelii
1057 3801 1234 3894 accipiunt
1285 3798 1483 3868 doctrinam
1513 3795 1691 3868 Ecclesiae
1724 3812 1882 3882 nostrae,
1913 3811 1949 3867 et
1979 3800 2167 3870 contendit
2201 3827 2280 3872 non

248 3893 489 3964 remissionem
530 3914 773 3990 peccatorum,
811 3906 1153 3987 reconciliationem,
1193 3927 1233 3973 ac
1284 3900 1357 3968 sola
1374 3900 1460 3978 fide,
1486 3901 1546 3968 sed
1564 3899 1799 3987 contritione,
1825 3915 1860 3971 ει
1875 3898 1955 3968 aliis
1972 3897 2180 3994 operibus')
2200 3903 2279 3974 fieri

249 3992 551 4080 iustificationern,
585 4015 621 4073 et
653 4005 926 4076 vivificationem
962 4031 1026 4098 per
1058 4006 1231 4098 Spiritum
1284 4000 1553 4092 applicationem
1580 4001 1799 4070 remissionis
1820 4013 2062 4093 peccatorum,
2089 4015 2122 4071 et
2144 4003 2280 4076 iustifi-

245 4107 427 4182 sanctum,
456 4123 494 4168 ac
515 4101 552 4170 tit
573 4101 807 4196 apprehensio
826 4109 1088 4196 promissionis,
1113 4111 1147 4178 et
1168 4132 1233 4199 ap·
1284 4101 1450 4186 cationi&
1478 4101 1695 4200 iudicamus,
1722 4127 1802 4172 eum
1823 4105 1948 4177 docere
1972 4104 2195 4194 corruptelas
2212 4131 2280 4178 ve-

247 4198 391 4286 plicatio
408 4201 480 4270 sola
496 4201 581 4286 fide,
609 4205 733 4287 idest,
759 4207 886 4278 fiducia
901 4207 1131 4292 Mediatoris,
1156 4233 1231 4278 non
1283 4228 1341 4272 rae
1359 4203 1550 4278 doctrinae.
1601 4201 1673 4274 Nec
1695 4204 1808 4294 reipsa
1831 4203 1952 4274 differt
1965 4197 2051 4275 ltaec
2067 4209 2281 4295 corruptela

246 4313 391 4390 propter
423 4304 693 4390 contritionem,
732 4331 847 4402 neque
878 4297 1023 4402 propter
1046 4323 1231 4404 sequentes
1282 4301 1548 4398 aSyuecdoche
1564 4300 1847 4389 Munashnrum,
1878 4305 1942 4396 qui
1958 4306 2084 4376 dicum
2097 4300 2146 4401 ⁸),
2169 4301 2281 4380 Fide

248 4401 413 4487 virtutes,
436 4407 496 4474 sed
515 4406 643 4476 nititur
657 4408 743 4479 fides
757 4413 833 4480 solo
849 4409 1057 4491 Mediatore,
1085 4435 1146 4482 sen
1161 4411 1230 4478 mi·
1282 4401 1549 4498 iustificamar,
1580 4407 1670 4502 qaia
1699 4397 1849 4496 inchoat
1879 4399 2105 4475 dilectionem
2128 4415 2161 4476 et
2186 4405 2280 4480 alia

246 4503 435 4574 sericordia
460 4521 604 4598 propter
628 4507 863 4580 Mediatorem
888 4513 1076 4602 promissa,
1111 4523 1145 4582 ,t
1170 4536 1229 4582 ac.
1281 4504 1378 4575 bona
1400 4531 1520 4602 opera.
1573 4507 1732 4576 Verbum
1751 4517 1812 4577 seu
1825 4507 2012 4598 promissio
2030 4509 2103 4577 sola
2121 4508 2193 4580 lide
2208 4535 2281 4604 ap-

246 4603 393 4692 quiescit
419 4629 497 4686 eor,
537 4610 709 4702 quiescit
732 4615 998 4704 promissionem
1022 4629 1230 4684 ratamesse
1282 4605 1523 4698 prehenditur.
1579 4606 1669 4676 Nam
1692 4603 1758 4678 hac
1781 4631 1820 4676 re
1841 4609 2014 4678 differunt
2032 4609 2118 4678 fides
2136 4623 2172 4680 et
2191 4635 2280 4698 caeq

1282 4725 1351 4780 tera
1367 4733 1492 4798 opera,
1517 4712 1611 4801 qnod
1628 4710 1715 4778 fides
1732 4704 1967 4800 apprehendit
1981 4711 2276 4802 promissionem,

1279 4825 1312 4879 et
1336 4812 1462 4900 accipit
1484 4831 1555 4878 non
1576 4821 1616 4880 ut
1645 4809 1828 4881 meritum:
1866 4807 2013 4881 Caetera
2042 4835 2128 4882 vero
2157 4837 2277 4906 opera

309 4953 410 5008 habent
422 4951 506 5006 Mani.
520 4964 546 5006 et
559 4953 620 5010 cod.
634 4951 770 5024 ouetpe„
787 4953 924 5009 Peucerus
937 4953 970 5009 tle
991 4953 1012 5006 it
1024 4957 1149 5024 quanda.
1178 4969 1181 4978 ·
1277 4909 1353 5030 Dei}
1368 4913 1504 5031 aliquid
1524 4912 1786 5031 ⁰ff⁰¹⁰mio¹0¹e⁰
1800 4909 1989 5030 “pisticam
2004 4933 2068 5030 pff
2080 4935 2191 5004 (ΨΜ
2209 4916 2276 4985 ln·

273 5041 302 5106 ε)
320 5038 409 5095 Meet.
427 5039 604 5094 Borrama.
1278 5015 1386 5102 tellegi
1408 5015 1477 5083 alta
1502 5026 1635 5104 potest,
1673 5037 1743 5082 nest
1763 5026 1900 5084 ratione
1927 5025 2058 5082 ιιιειιιι.
2122 5012 2273 5088 &rnen

271 5127 302 5192 s>
318 5123 393 5194 sata]
411 5142 467 5178 non
481 5123 561 5178 habet
575 5099 672 5176 attat.
893 5161 897 5176 .
1277 5115 1384 5206 igitur
1405 5115 1525 5187 meriti
1549 5115 1670 5187 abiicit
1692 5106 1908 5202 Matthias,
1942 5135 2018 5188 rem
2040 5113 2194 5204 munet,
2232 5131 2274 5190 et

270 5215 299 5276 t)
318 5209 526 5276 Radasctatous]
548 5206 636 5263 Mani.
647 5215 673 5258 et
685 5205 1057 5280 commaerentem
1069 5206 1223 5279 waiet·
1257 5224 1260 5239 ¹
1572 5237 1586 5260 e
1772 5251 1800 5262 ..
1908 5261 1912 5274 ,

303 5296 367 5334 mus
379 5275 494 5331 Peuceri
506 5275 635 5329 mendum
649 5281 699 5328 est.

270 5369 300 5422 ιι
317 5364 389 5418 cod.
402 5357 519 5430 Guelph.
536 5375 634 5412 sensus
652 5387 681 5398 -·
696 5373 829 5432 argaeus.
968 5373 975 5381 ·
1307 5357 1336 5424 7)
1353 5353 1420 5412 cot.
1434 5351 1552 5424 Guelph.
1566 5351 1654 5407 addite
1677 5353 1768 5407 imis.

268 5450 299 5522 Ι)
317 5445 547 5533 Mart-arquitur
557 5448 919 5512 depecmoptrmauc
1022 5496 1027 5506 ,
1111 5453 1141 5480 ⁸·
1208 5466 1211 5475 ·
1253 5474 1258 5509 ρ
1307 5443 1334 5511 8)
1352 5446 1491 5510 diurnas]
1508 5437 1600 5496 mant.

280 4887 306 4950 t)
327 4881 410 4940 Peuc.
424 4893 449 4936 et
466 4877 551 4941 Meni.
564 4891 607 4942 et.
630 4883 676 4937 sed
696 4883 756 4938 cod.
773 4883 890 4957 Guelph.
907 4902 956 4948 εει
971 4903 1029 5008 pro
1047 4887 1131 4958 quio,
1153 4889 1227 4962 quod
