4792 6186
246 243 322 322 sss
816 195 1252 336 arrsronanuu
1297 261 1405 340 em.
1432 264 1526 345 ιιι
1580 269 1715 350 asso.

2212 282 2302 358 660

249 424 376 496 didicit
391 447 511 495 veram
529 425 796 521 aequalitatem,
821 445 861 502 ut
878 437 1044 525 prodesse
1061 434 1243 515 communi
1294 429 1491 531 ψεύδεται,
1518 437 1582 514 καὶ
1603 441 1699 540 φασὶ
1718 441 1787 527 τὸν
1807 446 1962 544 βασιλέα
1980 444 2229 551 ’γηράσκοντα
2247 447 2302 548 ”),

251 529 342 597 vitae
357 528 396 596 in
412 527 554 598 iudiciis
569 544 602 600 et
617 531 655 599 in
671 532 927 622 gubernatione
941 538 1056 606 civilis
1068 536 1246 610 societatis
1296 534 1418 636 ὥσπερ
1440 537 1460 613 d
1479 537 1602 618 σόλων
1616 544 1699 643 περὶ
1714 547 1851 624 ἑαυτοῦ
1864 548 2002 652 γράφει
2008 582 2032 639 ,·
2042 560 2191 646 μᾶλλον
2206 553 2302 650 ἥδε-

251 630 372 722 possit.
423 627 585 725 Cumque
610 645 644 701 et
668 657 687 702 a
711 631 787 703 Deo
809 653 955 708 ornatus
978 641 1023 710 sit
1046 637 1190 728 ingenio
1212 651 1247 708 et
1296 641 1389 712 σθαι
1405 644 1506 740 οἴνῳ.
1560 647 1629 719 Sed
1645 674 1748 742 spero
1765 650 1880 724 Deum
1898 657 2049 747 gemitus
2068 671 2150 728 tuae
2166 655 2302 729 Eccle-

249 732 439 814 facundia,
466 734 595 824 poterit
610 735 691 804 usui
712 750 744 805 ct
758 755 967 810 ornamento
983 765 1056 812 esse
1073 740 1246 830 reipubli-
1295 743 1365 812 siae
1381 747 1613 834 domesticae,
1640 767 1674 822 et
1690 753 1859 826 similium
1878 760 2128 830 exauditurum
2144 785 2237 840 esse,
2265 779 2303 833 et

252 857 322 909 cae.
351 833 470 922 Quare
485 830 790 908 huneNe'colaum
806 843 973 912 omnibus
987 839 1145 912 honestis
1159 842 1245 911 viris
1295 870 1427 936 poenas
1443 851 1696 940 mitigaturum.
1742 856 1841 927 Bene
1857 871 1891 930 et
1906 861 2058 931 feliciter
2074 863 2164 934 vale.
2208 863 2301 936 Ser-

252 937 458 1030 praesertim
482 937 521 1006 in
545 939 657 1027 patria
681 947 912 1030 commendo,
938 959 972 1016 et
996 972 1079 1030 oro,
1105 959 1144 1015 ut
1165 969 1245 1014 eum
1297 963 1353 1019 vet
1366 949 1460 1021 filius
1475 951 1539 1023 Dei
1556 968 1590 1024 te
1606 970 1641 1028 et
1658 971 1750 1034 tuos.
1801 959 1869 1031 Die
1885 963 1995 1032 natali
2010 960 2211 1034 Ciceronis.

254 1040 298 1108 ad
316 1040 454 1108 labores
469 1033 636 1110 honestos
652 1043 815 1134 publicae
833 1047 1100 1135 gubernationis
1116 1071 1242 1138 prove·

254 1136 354 1218 hant.
401 1138 474 1210 Nec
498 1143 642 1228 dubito,
669 1145 707 1212 in
732 1169 774 1214 eo
799 1150 975 1240 tyrocinio
999 1149 1116 1220 statim
1134 1148 1246 1239 ipsius

253 1241 457 1332 ingenium,
483 1245 738 1330 eruditionem,
765 1247 870 1318 fidem
886 1265 920 1319 et
940 1251 1151 1320 industriam
1167 1251 1245 1318 lau-

254 1347 401 1414 daturos
415 1367 498 1415 esse.
540 1344 702 1418 Proiecto
716 1363 832 1418 autem
851 1353 1043 1420 necessaria
1061 1353 1244 1442 diligentia

254 1461 306 1518 est
330 1448 369 1516 in
389 1449 707 1536 gubernatoribus,
734 1451 862 1542 eligere
881 1455 972 1522 bona
997 1456 1156 1543 ingenia3
1184 1455 1245 1522 sed
1296 1432 1362 1506 ΝΟ·
1380 1433 1496 1510 5910·

255 1549 304 1619 ita
319 1561 458 1620 tantum
474 1549 612 1620 labores
627 1547 776 1620 humani
791 1556 909 1624 falices
921 1569 1015 1642 sunt,
1038 1581 1116 1625 cum
1133 1582 1152 1625 a
1168 1553 1244 1626 Deo

240 1644 481 1728 adiuvantur.
519 1650 639 1740 Quare
657 1655 769 1722 lilium
780 1655 860 1737 Dei,
880 1659 1065 1728 dominum
1082 1671 1244 1728 nostrum

255 1751 285 1826 l.
299 1751 359 1844 C.,
387 1755 497 1822 solem
515 1753 681 1836 iustitiae,
707 1779 781 1840 ore,
806 1773 847 1828 ut
864 1773 975 1828 totum
995 1761 1089 1830 vitae
1104 1785 1244 1828 cursum

234 1911 238 1919 .
255 1851 363 1926 buius
370 1850 530 1928 Nicotai
539 1857 712 1946 gubernet
720 1872 752 1927 et
761 1861 954 1932 faciuteum
970 1867 1099 1946 σκεῦος
1114 1857 1244 1946 ἐλέους,

255 1971 291 2028 et
316 1982 477 2048 organon
501 1959 653 2028 salutare
678 1985 761 2030 suae
785 1965 924 2032 animae
948 1977 981 2034 et
1010 1965 1089 2034 aliis
1112 1964 1246 2036 multis.

255 2057 530 2136 DataeCalend.
548 2058 723 2149 Ianuarii,
748 2087 844 2136 anno
867 2061 975 2138 1556.
989 2163 1073 2238 Phil
1112 2165 1199 2238 Mel·

1023 2295 1071 2344 m.
1087 2293 1165 2362 ppr.

267 2631 336 2705 No.
351 2629 467 2712 5909.

262 2730 477 2771 Μ

1118 2655 1152 2715 2.
1170 2643 1233 2709 lan.

1108 2739 1246 2768 Nm

528 2837 680 2929 ΙοαοΙι.
707 2838 987 2930 Cuneerure'o.

304 3051 308 3056 ·
327 3019 414 3096 Epist.
424 3019 458 3078 ad
473 3018 580 3078 Camen
598 3040 625 3093 p.
638 3021 698 3078 699.
717 3021 771 3092 (ed.
784 3021 875 3078 Lond.
891 3023 939 3078 lib.
954 3021 1001 3079 lV.
1020 3043 1065 3102 ep.
1080 3025 1161 3098 841.).

258 3175 484 3256 Clarissimo
506 3177 584 3252 viro
608 3175 810 3250 eruditione
832 3189 863 3250 et
891 3180 1019 3253 virtute
1039 3187 1251 3280 praestanti

307 3279 336 3353 I
342 3277 550 3355 oachimo
575 3269 747 3357 Cumer.
766 3281 895 3381 fratri
908 3309 976 3354 suo
993 3287 1199 3376 carissimo,

164 3465 166 3472 ·
258 3417 308 3514 S.
334 3429 379 3503 D.
429 3427 662 3504 Accessissem
685 3431 730 3498 ad
757 3453 835 3514 vos,
861 3431 890 3498 si
914 3455 1037 3500 currus
1060 3458 1177 3520 meus,
1207 3450 1248 3507 ut

257 3535 444 3619 iusseram,
477 3533 627 3602 resectus
648 3533 788 3610 fuisset,
821 3555 1024 3625 quanquam
1043 3547 1076 3603 et
1093 3537 1247 3608 doctoris

255 3628 461 3706 Laurentii
479 3633 671 3724 expectatio
695 3627 864 3704 nonnihil
886 3658 943 3702 me
968 3635 1126 3712 retinuit.
1176 3635 1247 3708 Ia-

258 3735 368 3808 cobus
384 3731 422 3832 *)
446 3735 664 3806 Pomeranus
680 3735 862 3826 epistolam
885 3735 1010 3822 mittit,
1037 3763 1143 3831 quam
1162 3735 1246 3811 huic

257 3856 380 3912 nostro
401 3837 556 3908 auditori
577 3838 729 3922 tradidi,
763 3831 853 3904 milri
876 3837 1048 3926 significat
1072 3840 1247 3912 diiudica-

257 3941 392 4014 tionem
415 3952 572 4010 nostram
587 3937 724 4034 Synodi
747 3937 923 4028 suffragiis
937 3943 1031 4031 apud
1049 3965 1130 4012 suos
1148 3969 1246 4014 com-

256 4045 440 4137 probatam
457 4063 549 4126 esse,
572 4053 607 4111 et
623 4035 820 4138 Artopeum
837 4041 978 4110 cessisse
993 4041 1129 4137 Synodi
1150 4047 1247 4116 iodi-

256 4147 331 4230 cio,
363 4144 424 4238 qui
448 4143 591 4212 videtur
611 4140 702 4212 mibi
724 4167 799 4212 non
822 4143 1004 4212 dissimilis
1020 4137 1245 4222 Culmouno.

255 4242 414 4318 Meuius
439 4244 688 4316 candidissime
711 4245 894 4338 probavit,
928 4269 993 4314 nec
1018 4272 1100 4316 vero
1123 4252 1246 4320 audivi

255 4351 301 4420 ab
319 4349 394 4420 ullo
414 4359 568 4420 taxatum
592 4371 677 4424 esse.
730 4346 789 4419 Tu
805 4345 923 4442 siquid
946 4347 1113 4421 audivisti
1133 4352 1247 4444 signi-

253 4452 345 4526 lices.

329 4551 456 4625 Edidit
471 4543 684 4650 Staphylus
699 4547 958 4622 atrocissimum
974 4548 1143 4641 scriptum
1158 4579 1244 4626 cou-

2037 1077 2250 1174 Philippus.

1305 1292 2295 1328 Ἣ

2103 1464 2297 1583 (Q)

1585 1639 1636 1726 G.
1665 1641 1995 1736 Buedholzero.

1364 1817 1385 1880 ¹1·
1402 1812 1439 1867 Er
1453 1831 1549 1886 apogr.
1563 1813 1592 1868 in
1604 1816 1667 1871 cod.
1680 1817 1766 1874 Paris.
1783 1821 1820 1876 D.
1831 1820 1862 1878 1..
1878 1822 1946 1880 54¹.

1303 1531 1474 1560 *om

1506 1968 1710 2069 Georgia
1738 1942 2082 2058 Buchholzero.

1300 2105 1346 2192 S.
1372 2118 1416 2191 D.
1470 2122 1679 2196 Veneranda
1694 2131 1750 2199 vir
1767 2145 1800 2202 et
1815 2135 1934 2208 cariss.
1952 2138 2074 2214 trater.
2126 2139 2280 2234 Evange-

1299 2223 1387 2291 lium
1411 2237 1463 2293 est
1483 2229 1639 2316 potentia
1661 2231 1732 2300 Dei
1756 2236 1801 2302 ad
1824 2235 1972 2308 salutem
1997 2243 2100 2312 omui
2122 2249 2284 2322 credenti.

1300 2323 1392 2392 Tota
1416 2327 1524 2414 igitur
1547 2330 1716 2404 divinitas
1736 2360 1816 2404 vere
1832 2341 1949 2426 adest,
1981 2358 2015 2412 et
2040 2359 2094 2416 est
2117 2349 2237 2420 efficax
2252 2351 2287 2420 iu

1300 2426 1466 2496 omnibus
1499 2433 1666 2518 gradibus
1696 2437 1906 2526 ministerii,
1944 2443 2113 2519 videlicet
2144 2468 2289 2523 sonante

1300 2550 1386 2595 voce
1409 2524 1597 2620 Evangelii
1627 2551 1662 2606 et
1690 2537 1727 2604 iu
1749 2562 1816 2610 usu
1844 2539 2175 2622 Sacramentomm.
2226 2553 2290 2626 Sed

1300 2629 1388 2697 ordo
1404 2633 1657 2710 consideretur.
1709 2637 1822 2711 Filius
1847 2646 1982 2734 profert
1994 2645 2238 2743 Evangelium
2254 2682 2289 2726 ex

1300 2729 1382 2798 sinu
1408 2735 1542 2802 aeterni
1562 2737 1670 2826 patris
1690 2753 1725 2812 et
1740 2745 1895 2817 ostendit
1910 2762 2060 2838 patrem.
2114 2753 2172 2826 lta
2191 2759 2286 2828 simul

1300 2835 1397 2901 adest
1428 2849 1584 2924 pateret
1612 2864 1676 2930 per
1697 2843 1810 2912 lilium
1834 2849 1897 2919 dat
1925 2851 2093 2942 spiritum
2118 2875 2286 2933 sanctum.

1299 2931 1395 3002 Haec
1417 2936 1485 3026 piis
1509 2939 1677 3012 omnibus
1699 2947 1891 3020 certissima
1913 2967 2008 3026 sunt.
2058 2949 2110 3028 Et
2127 2963 2284 3046 utilerst,

1299 3037 1520 3109 considerare
1546 3043 1757 3115 descrimine
1785 3052 1896 3140 patris
1929 3068 1963 3124 et
1991 3056 2057 3124 filii
2081 3074 2119 3130 et
2147 3065 2281 3156 spiritus

1298 3141 1428 3224 sancti,
1455 3143 1649 3234 dequibus
1673 3146 1711 3216 in
1730 3145 1902 3224 Examina
1918 3155 2056 3250 aliquid
2077 3163 2170 3238 dixi.
2219 3166 2279 3236 Nec

1298 3241 1419 3329 negari
1439 3257 1573 3332 potest,
1614 3247 1730 3338 ipsum
1756 3251 1868 3322 filium
1892 3259 2013 3330 adesse
2037 3261 2077 3330 in
2104 3266 2273 3358 baptismo,

1298 3343 1380 3436 quia
1406 3367 1564 3435 expresse
1597 3349 1744 3420 dicitur:
1779 3353 1963 3445 baptisaho
1997 3385 2063 3432 vos
2098 3367 2136 3436 in
2158 3367 2265 3456 spiritu

1297 3458 1418 3515 sancto
1438 3460 1471 3516 et
1485 3448 1570 3536 igni.
1603 3447 1650 3522 Et
1662 3452 1841 3526 invocatio
1856 3460 1986 3550 patris,
2011 3465 2081 3535 lilii
2098 3467 2261 3560 etspiritut

1297 3545 1409 3615 sancti
1433 3547 1472 3616 in
1496 3549 1671 3641 baptismo
1693 3556 1934 3633 testimouium
1952 3577 2003 3634 est
2016 3567 2063 3636 de
2084 3567 2272 3661 praesentia.

1297 3645 1367 3724 Sed
1382 3647 1591 3742 interrogas:
1622 3653 1802 3728 Eudemus
1816 3665 1923 3734 modo
1936 3668 2036 3738 adest
2051 3669 2092 3740 in
2117 3674 2279 3764 baptismo

1298 3751 1388 3818 etin
1412 3775 1519 3822 coena
1535 3754 1653 3826 filius?
1676 3755 1905 3851 Respondeo:
1933 3769 2029 3861 quod
2053 3774 2101 3840 ad
2128 3777 2280 3848 effecum

1296 3849 1422 3922 attinet
1435 3856 1533 3926 adest
1547 3857 1715 3930 divinitas
1739 3865 1862 3934 eodem
1877 3871 2158 3947 modosouante
2174 3876 2281 3950 Evan-

1296 3953 1388 4042 gelio
1404 3968 1438 4024 et
1453 3955 1491 4023 iu
1508 3983 1574 4028 usu
1592 3981 1907 4053 sacramentorum,
1934 3973 1994 4040 sed
2010 3978 2141 4046 modus
2162 3999 2285 4052 utcun-

1296 4079 1365 4146 que
1379 4057 1531 4127 discerni
1549 4074 1672 4152 potest.
1715 4062 1757 4134 ln
1773 4069 1948 4159 baptismo
1964 4075 2063 4145 adest
2075 4077 2184 4152 lilius
2199 4099 2238 4154 ut
2251 4081 2290 4152 ad

1295 4160 1615 4246 regenerationem,
1642 4166 1679 4232 in
1699 4191 1828 4254 coena,
1852 4186 1891 4242 ut
1907 4176 1949 4244 ad
1963 4179 2080 4248 renati
2097 4187 2293 4255 confirma-

1294 4258 1428 4330 tionem
1444 4285 1505 4330 seu
1523 4265 1806 4354 nutricationem‚
1829 4271 1947 4368 inqua
1965 4289 2123 4366 testatur,
2152 4311 2197 4356 se
2210 4288 2295 4358 assi·

1294 4362 1363 4430 due
1378 4362 1417 4428 in
1433 4365 1537 4434 nobis
1556 4380 1593 4434 ut
1614 4368 1652 4436 in
1669 4374 1839 4442 membris
1853 4367 2115 4450 suis'ellicacem
2133 4410 2242 4477 esse,
2266 4401 2297 4458 et

1294 4485 1361 4529 nos
1386 4464 1500 4534 facere
1523 4467 1592 4538 sibi
1615 4473 1789 4559 membra;
1830 4477 1930 4548 sicut·
1945 4479 2077 4573 inquit:
2118 4510 2195 4577 ego
2220 4515 2297 4562 sum

1294 4563 1393 4645 vitis,
1427 4589 1490 4635 vos
1515 4571 1684 4660 palmites.
1738 4569 1791 4646 Ac
1815 4577 1944 4672 loquor
1960 4583 2004 4651 de
2027 4594 2243 4674 praesentia
2260 4594 2297 4662 iu

252 4671 306 4729 tra
335 4653 510 4728 Ecclesiae
540 4669 696 4738 nostras,
736 4663 875 4722 tantum
906 4651 1135 4726 declamitans
1161 4653 1243 4754 περὶ
1292 4679 1462 4736 sumente.
1512 4666 1614 4740 Nihil
1637 4673 1731 4744 enim
1755 4673 1861 4750 habet
1878 4682 2050 4754 rationem
2072 4694 2298 4764 sacramenti

253 4753 452 4852 ἀναρχίας,
479 4783 550 4852 quo
570 4757 608 4825 in
624 4777 751 4846 genere
766 4753 834 4824 scis
854 4779 919 4824 nec
933 4755 1061 4835 verba,
1087 4779 1152 4828 nec
1166 4785 1241 4829 ma·
1291 4781 1386 4836 extra
1408 4793 1511 4838 usum
1528 4771 1742 4848 institutum.

1795 4778 1978 4852 Removeo
2001 4783 2297 4890 ἇρτολατρείαν.

251 4860 377 4934 teriam
395 4863 529 4944 deesse,
555 4883 620 4928 nec
640 4849 767 4951 πάθη,
803 4855 1091 4950 ειίοιοοοῐοιιιίὺ.
1108 4873 1141 4929 et
1163 4859 1242 4930 len·
1289 4865 1540 4942 Eruditissime
1561 4873 1694 4946 Paulus
1723 4879 1856 4976 inquit:
1899 4885 2002 4975 panis
2029 4901 2081 4960 est
2101 4895 2298 4970 κοινωνία

250 4963 307 5035 tis.
357 4957 616 5032 Communibus
637 4955 767 5032 hostib.
784 4970 935 5050 parcunt
958 4953 994 5028 ὁὶ
1015 4953 1240 5055 πολαφήμου
1290 4963 1479 5062 σώματος,
1508 5001 1579 5068 quo
1599 4979 1695 5050 dioto
1713 4983 1882 5056 affirmat:
1906 5001 2016 5058 extra
2039 4999 2298 5086 sumptionem

250 5058 335 5147 υἱοὶ,
357 5085 423 5134 nos
440 5065 592 5134 lacerare
608 5061 868 5132 nondesinunt.
897 5055 1035 5129 Tuscos
1052 5067 1240 5152 procedere
1289 5096 1415 5162 panem
1439 5099 1513 5146 non
1541 5074 1672 5151 habere
1694 5083 1869 5158 rationem
1897 5095 2130 5180 sacramenti,
2168 5107 2237 5171 sed
2259 5103 2298 5170 iu

249 5167 287 5238 in
301 5163 489 5236 Pannonia
507 5176 660 5246 certum,
685 5163 818 5236 interea
838 5153 916 5257 ἦλις
933 5157 998 5234 καὶ
1018 5155 1154 5258 μεθύει
1175 5161 1240 5242 καὶ
1288 5173 1364 5268 ipsa
1388 5181 1710 5256 communicatione
1731 5187 1862 5280 pignus
1881 5214 1973 5274 esse,
1998 5218 2070 5288 quo
2090 5197 2299 5274 ioserimur

249 5345 479 5364 m

273 5445 303 5520 ιι)
323 5445 457 5522 Roogtue.

1285 5339 1510 5360 -w—-u-o-—q

1318 5448 1353 5519 ¹⁸)
1370 5447 1582 5508 Ferdinndum.
