<?xml version="1.0" encoding="UTF-8"?>
<!DOCTYPE html PUBLIC "-//W3C//DTD XHTML 1.0 Transitional//EN"
    "http://www.w3.org/TR/xhtml1/DTD/xhtml1-transitional.dtd">
<html xmlns="http://www.w3.org/1999/xhtml" xml:lang="en" lang="en">
 <head>
  <title>
</title>
<meta http-equiv="Content-Type" content="text/html;charset=utf-8" />
  <meta name='ocr-system' content='tesseract 3.04.00' />
  <meta name='ocr-capabilities' content='ocr_page ocr_carea ocr_par ocr_line ocrx_word'/>
</head>
<body>
  <div class='ocr_page' id='page_1' title='image "./philippimelanth05bindgoog_0337.png"; bbox 0 0 4792 6186; ppageno 0'>
   <div class='ocr_carea' id='block_1_1' title="bbox 138 333 213 410">
    <p class='ocr_par' dir='ltr' id='par_1_1' title="bbox 138 333 213 410">
     <span class='ocr_line' id='line_1_1' title="bbox 138 333 213 410; baseline -0.053 0"><span class='ocrx_word' id='word_1_1' title='bbox 138 333 213 410; x_wconf 79' lang='grc'><strong>597</strong></span> 
     </span>
    </p>
   </div>
   <div class='ocr_carea' id='block_1_2' title="bbox 152 503 348 580">
    <p class='ocr_par' dir='ltr' id='par_1_2' title="bbox 152 503 348 580">
     <span class='ocr_line' id='line_1_2' title="bbox 152 503 348 580; baseline 0.01 -2"><span class='ocrx_word' id='word_1_2' title='bbox 152 508 219 578; x_wconf 83' lang='lat' dir='ltr'><strong>No.</strong></span> <span class='ocrx_word' id='word_1_3' title='bbox 234 503 348 580; x_wconf 81' lang='grc'><strong>5860.</strong></span> 
     </span>
    </p>
   </div>
   <div class='ocr_carea' id='block_1_3' title="bbox 148 609 1132 956">
    <p class='ocr_par' dir='ltr' id='par_1_3' title="bbox 148 609 1132 956">
     <span class='ocr_line' id='line_1_3' title="bbox 148 609 613 656; baseline -0.002 -16"><span class='ocrx_word' id='word_1_4' title='bbox 148 609 360 646; x_wconf 54' lang='grc' dir='ltr'><strong>Μ</strong></span> <span class='ocrx_word' id='word_1_5' title='bbox 606 645 613 656; x_wconf 54' lang='grc'><strong>,</strong></span> 
     </span>
     <span class='ocr_line' id='line_1_4' title="bbox 448 689 820 822; baseline -0.022 -26"><span class='ocrx_word' id='word_1_6' title='bbox 448 705 561 822; x_wconf 79' lang='lat' dir='ltr'><strong>Cpb.</strong></span> <span class='ocrx_word' id='word_1_7' title='bbox 591 689 820 796; x_wconf 64' lang='lat' dir='ltr'><strong>Faveas.</strong></span> 
     </span>
     <span class='ocr_line' id='line_1_5' title="bbox 210 879 1132 956; baseline -0.002 -16"><span class='ocrx_word' id='word_1_8' title='bbox 210 885 233 940; x_wconf 80' lang='lat' dir='ltr'><strong>ll</strong></span> <span class='ocrx_word' id='word_1_9' title='bbox 250 881 480 953; x_wconf 68' lang='lat' dir='ltr'><strong>Scbltlsselborgii</strong></span> <span class='ocrx_word' id='word_1_10' title='bbox 498 883 637 956; x_wconf 75' lang='lat' dir='ltr'><strong>epistolare</strong></span> <span class='ocrx_word' id='word_1_11' title='bbox 656 883 810 956; x_wconf 70' lang='lat' dir='ltr'><strong>tbeologor.</strong></span> <span class='ocrx_word' id='word_1_12' title='bbox 826 889 880 940; x_wconf 81' lang='lat' dir='ltr'><strong>esa.</strong></span> <span class='ocrx_word' id='word_1_13' title='bbox 897 880 1038 940; x_wconf 84' lang='lat' dir='ltr'><strong>volumine</strong></span> <span class='ocrx_word' id='word_1_14' title='bbox 1060 899 1088 953; x_wconf 90' lang='lat' dir='ltr'><strong>p.</strong></span> <span class='ocrx_word' id='word_1_15' title='bbox 1105 879 1132 938; x_wconf 80' lang='grc'><strong>6.</strong></span> 
     </span>
    </p>
   </div>
   <div class='ocr_carea' id='block_1_4' title="bbox 141 1031 1131 1240">
    <p class='ocr_par' dir='ltr' id='par_1_4' title="bbox 141 1031 1131 1240">
     <span class='ocr_line' id='line_1_6' title="bbox 141 1031 1131 1143; baseline -0.007 -27"><span class='ocrx_word' id='word_1_16' title='bbox 141 1037 351 1143; x_wconf 77' lang='lat' dir='ltr'><em>Responsio</em></span> <span class='ocrx_word' id='word_1_17' title='bbox 366 1035 423 1114; x_wconf 86' lang='lat' dir='ltr'><strong>od</strong></span> <span class='ocrx_word' id='word_1_18' title='bbox 435 1039 667 1140; x_wconf 76' lang='lat' dir='ltr'><strong>quaestiones</strong></span> <span class='ocrx_word' id='word_1_19' title='bbox 676 1035 893 1118; x_wconf 83' lang='lat' dir='ltr'><strong>Rever.Dn.</strong></span> <span class='ocrx_word' id='word_1_20' title='bbox 910 1031 946 1114; x_wconf 88' lang='lat' dir='ltr'><em>C</em></span> <span class='ocrx_word' id='word_1_21' title='bbox 951 1033 1030 1110; x_wconf 81' lang='lat' dir='ltr'><strong>ieri</strong></span> <span class='ocrx_word' id='word_1_22' title='bbox 1033 1063 1052 1110; x_wconf 89' lang='lat' dir='ltr'><strong>s</strong></span> <span class='ocrx_word' id='word_1_23' title='bbox 1062 1047 1131 1110; x_wconf 84' lang='lat' dir='ltr'><strong>to·-</strong></span> 
     </span>
     <span class='ocr_line' id='line_1_7' title="bbox 436 1137 844 1240; baseline 0.02 -26"><span class='ocrx_word' id='word_1_24' title='bbox 436 1137 585 1240; x_wconf 82' lang='lat' dir='ltr'><strong>pisori</strong></span> <span class='ocrx_word' id='word_1_25' title='bbox 606 1139 844 1222; x_wconf 76' lang='lat' dir='ltr'><strong>Fischeri.</strong></span> 
     </span>
    </p>
   </div>
   <div class='ocr_carea' id='block_1_5' title="bbox 142 1285 1133 1386">
    <p class='ocr_par' dir='ltr' id='par_1_5' title="bbox 142 1285 1133 1386">
     <span class='ocr_line' id='line_1_8' title="bbox 142 1285 1133 1386; baseline -0.005 -18"><span class='ocrx_word' id='word_1_26' title='bbox 142 1285 187 1368; x_wconf 87' lang='lat' dir='ltr'><strong>ln</strong></span> <span class='ocrx_word' id='word_1_27' title='bbox 206 1293 416 1366; x_wconf 74' lang='lat' dir='ltr'>pomerania</span> <span class='ocrx_word' id='word_1_28' title='bbox 439 1295 483 1364; x_wconf 92' lang='lat' dir='ltr'><strong>de</strong></span> <span class='ocrx_word' id='word_1_29' title='bbox 504 1293 649 1386; x_wconf 90' lang='lat' dir='ltr'><strong>publico</strong></span> <span class='ocrx_word' id='word_1_30' title='bbox 672 1295 745 1366; x_wconf 89' lang='lat' dir='ltr'><strong>ritu</strong></span> <span class='ocrx_word' id='word_1_31' title='bbox 762 1293 1016 1377; x_wconf 75' lang='lat' dir='ltr'><strong>ordinationis,</strong></span> <span class='ocrx_word' id='word_1_32' title='bbox 1042 1292 1133 1363; x_wconf 88' lang='lat' dir='ltr'><strong>sicut</strong></span> 
     </span>
    </p>
   </div>
   <div class='ocr_carea' id='block_1_6' title="bbox 142 1396 1130 1492">
    <p class='ocr_par' dir='ltr' id='par_1_6' title="bbox 8 1373 1130 1492">
     <span class='ocr_line' id='line_1_9' title="bbox 142 1396 1130 1492; baseline -0.007 -18.955"><span class='ocrx_word' id='word_1_33' title='bbox 142 1398 236 1492; x_wconf 91' lang='lat' dir='ltr'><strong>apud</strong></span> <span class='ocrx_word' id='word_1_34' title='bbox 269 1419 335 1466; x_wconf 90' lang='lat' dir='ltr'><strong>uos</strong></span> <span class='ocrx_word' id='word_1_35' title='bbox 367 1411 547 1477; x_wconf 91' lang='lat' dir='ltr'><strong>servatur,</strong></span> <span class='ocrx_word' id='word_1_36' title='bbox 580 1419 708 1486; x_wconf 74' lang='lat' dir='ltr'><strong>magna</strong></span> <span class='ocrx_word' id='word_1_37' title='bbox 741 1396 922 1468; x_wconf 90' lang='lat' dir='ltr'><strong>contentio</strong></span> <span class='ocrx_word' id='word_1_38' title='bbox 957 1409 1034 1466; x_wconf 91' lang='lat' dir='ltr'><strong>orta</strong></span> <span class='ocrx_word' id='word_1_39' title='bbox 1069 1405 1130 1466; x_wconf 89' lang='lat' dir='ltr'><strong>est.</strong></span> 
     </span>
    </p>
   </div>
   <div class='ocr_carea' id='block_1_7' title="bbox 142 1489 1137 2614">
    <p class='ocr_par' dir='ltr' id='par_1_7' title="bbox 142 1489 1137 2614">
     <span class='ocr_line' id='line_1_10' title="bbox 142 1489 1132 1591; baseline -0.008 -18"><span class='ocrx_word' id='word_1_40' title='bbox 142 1501 196 1576; x_wconf 89' lang='lat' dir='ltr'><strong>M.</strong></span> <span class='ocrx_word' id='word_1_41' title='bbox 220 1493 385 1568; x_wconf 82' lang='lat' dir='ltr'><strong>Ioannes</strong></span> <span class='ocrx_word' id='word_1_42' title='bbox 408 1489 642 1591; x_wconf 79' lang='lat' dir='ltr'><strong>Frederus*)</strong></span> <span class='ocrx_word' id='word_1_43' title='bbox 668 1495 977 1591; x_wconf 75' lang='lat' dir='ltr'><strong>superintendens</strong></span> <span class='ocrx_word' id='word_1_44' title='bbox 1006 1492 1132 1568; x_wconf 90' lang='lat' dir='ltr'><strong>Eccle-</strong></span> 
     </span>
     <span class='ocr_line' id='line_1_11' title="bbox 142 1599 1128 1693; baseline -0.007 -20"><span class='ocrx_word' id='word_1_45' title='bbox 142 1607 214 1674; x_wconf 88' lang='lat' dir='ltr'><strong>siae</strong></span> <span class='ocrx_word' id='word_1_46' title='bbox 237 1599 540 1680; x_wconf 84' lang='lat' dir='ltr'><strong>Stralsundeusis,</strong></span> <span class='ocrx_word' id='word_1_47' title='bbox 567 1601 724 1692; x_wconf 76' lang='lat' dir='ltr'><strong>scripsit:</strong></span> <span class='ocrx_word' id='word_1_48' title='bbox 764 1599 1028 1693; x_wconf 79' lang='lat' dir='ltr'><strong>impositionem</strong></span> <span class='ocrx_word' id='word_1_49' title='bbox 1051 1621 1128 1667; x_wconf 90' lang='lat' dir='ltr'><strong>ma-</strong></span> 
     </span>
     <span class='ocr_line' id='line_1_12' title="bbox 143 1701 1132 1785; baseline -0.007 -9"><span class='ocrx_word' id='word_1_50' title='bbox 143 1727 255 1776; x_wconf 89' lang='lat' dir='ltr'><strong>nnum</strong></span> <span class='ocrx_word' id='word_1_51' title='bbox 280 1703 319 1770; x_wconf 91' lang='lat' dir='ltr'><strong>in</strong></span> <span class='ocrx_word' id='word_1_52' title='bbox 339 1702 536 1774; x_wconf 86' lang='lat' dir='ltr'><strong>sacerdotio</strong></span> <span class='ocrx_word' id='word_1_53' title='bbox 563 1701 724 1772; x_wconf 89' lang='lat' dir='ltr'><strong>Levitico</strong></span> <span class='ocrx_word' id='word_1_54' title='bbox 755 1703 986 1773; x_wconf 88' lang='lat' dir='ltr'><strong>necessariam</strong></span> <span class='ocrx_word' id='word_1_55' title='bbox 1008 1701 1132 1785; x_wconf 83' lang='lat' dir='ltr'><strong>inisse3</strong></span> 
     </span>
     <span class='ocr_line' id='line_1_13' title="bbox 144 1797 1133 1899; baseline -0.006 -21"><span class='ocrx_word' id='word_1_56' title='bbox 144 1829 241 1878; x_wconf 87' lang='lat' dir='ltr'><strong>nune</strong></span> <span class='ocrx_word' id='word_1_57' title='bbox 255 1828 340 1874; x_wconf 90' lang='lat' dir='ltr'><strong>veru</strong></span> <span class='ocrx_word' id='word_1_58' title='bbox 355 1827 428 1874; x_wconf 88' lang='lat' dir='ltr'><strong>esse</strong></span> <span class='ocrx_word' id='word_1_59' title='bbox 445 1797 658 1899; x_wconf 79' lang='grc' dir='ltr'><em>ἀδιάφορον</em></span> <span class='ocrx_word' id='word_1_60' title='bbox 672 1817 706 1874; x_wconf 88' lang='lat' dir='ltr'><strong>et</strong></span> <span class='ocrx_word' id='word_1_61' title='bbox 722 1805 972 1890; x_wconf 87' lang='lat' dir='ltr'><strong>emittendam,</strong></span> <span class='ocrx_word' id='word_1_62' title='bbox 988 1829 1032 1873; x_wconf 89' lang='lat' dir='ltr'><strong>ne</strong></span> <span class='ocrx_word' id='word_1_63' title='bbox 1047 1827 1133 1872; x_wconf 88' lang='lat' dir='ltr'><strong>con-</strong></span> 
     </span>
     <span class='ocr_line' id='line_1_14' title="bbox 145 1900 1134 1998; baseline -0.007 -17"><span class='ocrx_word' id='word_1_64' title='bbox 145 1913 373 1981; x_wconf 79' lang='lat' dir='ltr'><strong>firmarentur</strong></span> <span class='ocrx_word' id='word_1_65' title='bbox 387 1900 675 1998; x_wconf 82' lang='lat' dir='ltr'><strong>Adiapho&#39;ristae.</strong></span> <span class='ocrx_word' id='word_1_66' title='bbox 727 1903 804 1976; x_wconf 85' lang='lat' dir='ltr'><strong>Atii</strong></span> <span class='ocrx_word' id='word_1_67' title='bbox 825 1907 1002 1992; x_wconf 91' lang='lat' dir='ltr'><strong>sentiunt,</strong></span> <span class='ocrx_word' id='word_1_68' title='bbox 1028 1929 1134 1974; x_wconf 91' lang='lat' dir='ltr'><strong>voca-</strong></span> 
     </span>
     <span class='ocr_line' id='line_1_15' title="bbox 147 2007 1135 2102; baseline -0.006 -20"><span class='ocrx_word' id='word_1_69' title='bbox 147 2013 297 2093; x_wconf 87' lang='lat' dir='ltr'><strong>tionem,</strong></span> <span class='ocrx_word' id='word_1_70' title='bbox 341 2031 507 2088; x_wconf 81' lang='lat' dir='ltr'><strong>examen,</strong></span> <span class='ocrx_word' id='word_1_71' title='bbox 546 2007 824 2100; x_wconf 80' lang='lat' dir='ltr'><strong>publicationem</strong></span> <span class='ocrx_word' id='word_1_72' title='bbox 856 2007 1135 2102; x_wconf 79' lang='lat' dir='ltr'><strong>approbationis,</strong></span> 
     </span>
     <span class='ocr_line' id='line_1_16' title="bbox 154 2109 1135 2205; baseline -0.004 -23"><span class='ocrx_word' id='word_1_73' title='bbox 154 2129 185 2184; x_wconf 90' lang='lat' dir='ltr'><strong>et</strong></span> <span class='ocrx_word' id='word_1_74' title='bbox 198 2109 452 2205; x_wconf 89' lang='lat' dir='ltr'><strong>precationem,</strong></span> <span class='ocrx_word' id='word_1_75' title='bbox 475 2133 531 2180; x_wconf 90' lang='lat' dir='ltr'><strong>res</strong></span> <span class='ocrx_word' id='word_1_76' title='bbox 547 2109 759 2179; x_wconf 87' lang='lat' dir='ltr'><strong>necessarias</strong></span> <span class='ocrx_word' id='word_1_77' title='bbox 782 2121 817 2182; x_wconf 89' lang='lat' dir='ltr'><strong>et</strong></span> <span class='ocrx_word' id='word_1_78' title='bbox 830 2133 905 2181; x_wconf 91' lang='lat' dir='ltr'><strong>non</strong></span> <span class='ocrx_word' id='word_1_79' title='bbox 921 2110 1135 2181; x_wconf 89' lang='lat' dir='ltr'><strong>omittendas</strong></span> 
     </span>
     <span class='ocr_line' id='line_1_17' title="bbox 155 2205 1134 2306; baseline -0.003 -24"><span class='ocrx_word' id='word_1_80' title='bbox 155 2235 231 2287; x_wconf 87' lang='lat' dir='ltr'><strong>esse.</strong></span> <span class='ocrx_word' id='word_1_81' title='bbox 282 2210 377 2282; x_wconf 89' lang='lat' dir='ltr'><strong>lllud</strong></span> <span class='ocrx_word' id='word_1_82' title='bbox 396 2232 518 2281; x_wconf 83' lang='lat' dir='ltr'><strong>verum</strong></span> <span class='ocrx_word' id='word_1_83' title='bbox 534 2233 629 2296; x_wconf 88' lang='lat' dir='ltr'><strong>esse,</strong></span> <span class='ocrx_word' id='word_1_84' title='bbox 655 2213 751 2306; x_wconf 91' lang='lat' dir='ltr'><strong>quod</strong></span> <span class='ocrx_word' id='word_1_85' title='bbox 767 2205 829 2282; x_wconf 91' lang='lat' dir='ltr'><strong>hic</strong></span> <span class='ocrx_word' id='word_1_86' title='bbox 843 2213 918 2304; x_wconf 90' lang='lat' dir='ltr'><strong>ipse</strong></span> <span class='ocrx_word' id='word_1_87' title='bbox 934 2225 1051 2302; x_wconf 79' lang='lat' dir='ltr'><strong>gestus</strong></span> <span class='ocrx_word' id='word_1_88' title='bbox 1064 2211 1134 2280; x_wconf 92' lang='lat' dir='ltr'><strong>im·</strong></span> 
     </span>
     <span class='ocr_line' id='line_1_18' title="bbox 148 2311 1135 2407; baseline -0.002 -21"><span class='ocrx_word' id='word_1_89' title='bbox 148 2311 333 2407; x_wconf 87' lang='lat' dir='ltr'><strong>positionis</strong></span> <span class='ocrx_word' id='word_1_90' title='bbox 355 2337 527 2384; x_wconf 88' lang='lat' dir='ltr'><strong>manuum</strong></span> <span class='ocrx_word' id='word_1_91' title='bbox 546 2314 591 2384; x_wconf 89' lang='lat' dir='ltr'><strong>sit</strong></span> <span class='ocrx_word' id='word_1_92' title='bbox 614 2335 671 2382; x_wconf 89' lang='lat' dir='ltr'><strong>res</strong></span> <span class='ocrx_word' id='word_1_93' title='bbox 699 2337 773 2383; x_wconf 94' lang='lat' dir='ltr'><strong>non</strong></span> <span class='ocrx_word' id='word_1_94' title='bbox 796 2315 1010 2393; x_wconf 88' lang='lat' dir='ltr'><strong>necessaria,</strong></span> <span class='ocrx_word' id='word_1_95' title='bbox 1044 2313 1135 2384; x_wconf 89' lang='lat' dir='ltr'><strong>sicut</strong></span> 
     </span>
     <span class='ocr_line' id='line_1_19' title="bbox 147 2409 1137 2507; baseline -0.003 -20"><span class='ocrx_word' id='word_1_96' title='bbox 147 2417 232 2487; x_wconf 91' lang='lat' dir='ltr'><strong>olim</strong></span> <span class='ocrx_word' id='word_1_97' title='bbox 252 2415 291 2485; x_wconf 91' lang='lat' dir='ltr'><strong>in</strong></span> <span class='ocrx_word' id='word_1_98' title='bbox 313 2439 355 2486; x_wconf 94' lang='lat' dir='ltr'><strong>eo</strong></span> <span class='ocrx_word' id='word_1_99' title='bbox 379 2416 453 2487; x_wconf 91' lang='lat' dir='ltr'><strong>ritu</strong></span> <span class='ocrx_word' id='word_1_100' title='bbox 477 2409 537 2484; x_wconf 88' lang='lat' dir='ltr'><strong>hic</strong></span> <span class='ocrx_word' id='word_1_101' title='bbox 553 2429 669 2507; x_wconf 83' lang='lat' dir='ltr'><strong>gestus</strong></span> <span class='ocrx_word' id='word_1_102' title='bbox 685 2416 771 2502; x_wconf 89' lang='lat' dir='ltr'><strong>init,</strong></span> <span class='ocrx_word' id='word_1_103' title='bbox 797 2417 931 2488; x_wconf 91' lang='lat' dir='ltr'><strong>librum</strong></span> <span class='ocrx_word' id='word_1_104' title='bbox 949 2411 1137 2506; x_wconf 82' lang='lat' dir='ltr'><strong>Evangelii</strong></span> 
     </span>
     <span class='ocr_line' id='line_1_20' title="bbox 146 2518 1137 2614; baseline -0.001 -27"><span class='ocrx_word' id='word_1_105' title='bbox 146 2521 329 2611; x_wconf 87' lang='lat' dir='ltr'><strong>imponere</strong></span> <span class='ocrx_word' id='word_1_106' title='bbox 343 2519 450 2610; x_wconf 91' lang='lat' dir='ltr'><strong>capiti</strong></span> <span class='ocrx_word' id='word_1_107' title='bbox 478 2518 572 2600; x_wconf 89' lang='lat' dir='ltr'><strong>eius,</strong></span> <span class='ocrx_word' id='word_1_108' title='bbox 599 2518 661 2614; x_wconf 90' lang='lat' dir='ltr'><strong>qni</strong></span> <span class='ocrx_word' id='word_1_109' title='bbox 684 2519 934 2606; x_wconf 89' lang='lat' dir='ltr'><strong>ordinabatur;</strong></span> <span class='ocrx_word' id='word_1_110' title='bbox 960 2520 1018 2588; x_wconf 88' lang='lat' dir='ltr'><strong>sed</strong></span> <span class='ocrx_word' id='word_1_111' title='bbox 1041 2531 1137 2588; x_wconf 84' lang='lat' dir='ltr'><strong>estn-</strong></span> 
     </span>
    </p>
   </div>
   <div class='ocr_carea' id='block_1_8' title="bbox 146 2616 1200 2714">
    <p class='ocr_par' dir='ltr' id='par_1_8' title="bbox 146 2616 1200 2714">
     <span class='ocr_line' id='line_1_21' title="bbox 146 2616 1200 2714; baseline -0.003 -24"><span class='ocrx_word' id='word_1_112' title='bbox 146 2622 194 2691; x_wconf 89' lang='lat' dir='ltr'><strong>tia</strong></span> <span class='ocrx_word' id='word_1_113' title='bbox 216 2643 292 2690; x_wconf 91' lang='lat' dir='ltr'><strong>non</strong></span> <span class='ocrx_word' id='word_1_114' title='bbox 312 2633 364 2690; x_wconf 88' lang='lat' dir='ltr'><strong>est</strong></span> <span class='ocrx_word' id='word_1_115' title='bbox 386 2619 590 2712; x_wconf 89' lang='lat' dir='ltr'><strong>probanda,</strong></span> <span class='ocrx_word' id='word_1_116' title='bbox 624 2623 720 2714; x_wconf 92' lang='lat' dir='ltr'><strong>quod</strong></span> <span class='ocrx_word' id='word_1_117' title='bbox 744 2616 812 2691; x_wconf 92' lang='lat' dir='ltr'><strong>hoc</strong></span> <span class='ocrx_word' id='word_1_118' title='bbox 832 2635 1015 2714; x_wconf 86' lang='lat' dir='ltr'><strong>praetextu</strong></span> <span class='ocrx_word' id='word_1_119' title='bbox 1040 2633 1137 2691; x_wconf 89' lang='lat' dir='ltr'><strong>totus</strong></span> <span class='ocrx_word' id='word_1_120' title='bbox 1190 2687 1200 2703; x_wconf 72' lang='grc'><strong>,</strong></span> 
     </span>
    </p>
   </div>
   <div class='ocr_carea' id='block_1_9' title="bbox 145 2721 1138 3097">
    <p class='ocr_par' dir='ltr' id='par_1_9' title="bbox 145 2721 1138 3097">
     <span class='ocr_line' id='line_1_22' title="bbox 145 2721 1138 2815; baseline -0.002 -24"><span class='ocrx_word' id='word_1_121' title='bbox 145 2745 224 2792; x_wconf 92' lang='lat' dir='ltr'><strong>mos</strong></span> <span class='ocrx_word' id='word_1_122' title='bbox 238 2721 410 2792; x_wconf 80' lang='lat' dir='ltr'><strong>examinis</strong></span> <span class='ocrx_word' id='word_1_123' title='bbox 432 2735 467 2792; x_wconf 89' lang='lat' dir='ltr'><strong>et</strong></span> <span class='ocrx_word' id='word_1_124' title='bbox 481 2722 748 2814; x_wconf 82' lang='lat' dir='ltr'><strong>approbationis</strong></span> <span class='ocrx_word' id='word_1_125' title='bbox 762 2728 796 2792; x_wconf 88' lang='lat' dir='ltr'><strong>el</strong></span> <span class='ocrx_word' id='word_1_126' title='bbox 805 2723 1025 2815; x_wconf 75' lang='lat' dir='ltr'><strong>&#39;precationis</strong></span> <span class='ocrx_word' id='word_1_127' title='bbox 1039 2721 1138 2792; x_wconf 92' lang='lat' dir='ltr'><strong>tolli-</strong></span> 
     </span>
     <span class='ocr_line' id='line_1_23' title="bbox 146 2817 1136 2914; baseline -0.003 -22"><span class='ocrx_word' id='word_1_128' title='bbox 146 2839 226 2901; x_wconf 85' lang='lat' dir='ltr'><strong>tur,</strong></span> <span class='ocrx_word' id='word_1_129' title='bbox 253 2819 337 2914; x_wconf 89' lang='lat' dir='ltr'><strong>quia</strong></span> <span class='ocrx_word' id='word_1_130' title='bbox 358 2817 419 2889; x_wconf 89' lang='lat' dir='ltr'><strong>hic</strong></span> <span class='ocrx_word' id='word_1_131' title='bbox 444 2836 560 2909; x_wconf 75' lang='lat' dir='ltr'><strong>gestus</strong></span> <span class='ocrx_word' id='word_1_132' title='bbox 585 2845 660 2890; x_wconf 92' lang='lat' dir='ltr'><strong>non</strong></span> <span class='ocrx_word' id='word_1_133' title='bbox 682 2823 728 2892; x_wconf 92' lang='lat' dir='ltr'><strong>sit</strong></span> <span class='ocrx_word' id='word_1_134' title='bbox 745 2824 979 2908; x_wconf 83' lang='lat' dir='ltr'><strong>necessarius.</strong></span> <span class='ocrx_word' id='word_1_135' title='bbox 1031 2821 1081 2894; x_wconf 92' lang='lat' dir='ltr'><strong>Ut</strong></span> <span class='ocrx_word' id='word_1_136' title='bbox 1106 2823 1136 2890; x_wconf 91' lang='lat' dir='ltr'><strong>si</strong></span> 
     </span>
     <span class='ocr_line' id='line_1_24' title="bbox 147 2919 1138 3014; baseline 0.001 -25"><span class='ocrx_word' id='word_1_137' title='bbox 147 2921 230 3014; x_wconf 92' lang='lat' dir='ltr'><strong>quis</strong></span> <span class='ocrx_word' id='word_1_138' title='bbox 252 2919 394 2990; x_wconf 89' lang='lat' dir='ltr'><strong>tolleret</strong></span> <span class='ocrx_word' id='word_1_139' title='bbox 415 2933 528 2991; x_wconf 90' lang='lat' dir='ltr'><strong>totum</strong></span> <span class='ocrx_word' id='word_1_140' title='bbox 555 2921 793 2992; x_wconf 88' lang='lat' dir='ltr'><strong>ministerium</strong></span> <span class='ocrx_word' id='word_1_141' title='bbox 816 2919 1021 3014; x_wconf 82' lang='lat' dir='ltr'><strong>Evangelii,</strong></span> <span class='ocrx_word' id='word_1_142' title='bbox 1053 2921 1138 3014; x_wconf 89' lang='lat' dir='ltr'><strong>quia</strong></span> 
     </span>
     <span class='ocr_line' id='line_1_25' title="bbox 148 3019 915 3097; baseline 0.01 -7"><span class='ocrx_word' id='word_1_143' title='bbox 148 3045 223 3090; x_wconf 92' lang='lat' dir='ltr'><strong>non</strong></span> <span class='ocrx_word' id='word_1_144' title='bbox 239 3019 285 3090; x_wconf 91' lang='lat' dir='ltr'><strong>sit</strong></span> <span class='ocrx_word' id='word_1_145' title='bbox 300 3021 494 3090; x_wconf 89' lang='lat' dir='ltr'><strong>necessaria</strong></span> <span class='ocrx_word' id='word_1_146' title='bbox 510 3021 709 3091; x_wconf 85' lang='lat' dir='ltr'><strong>observatio</strong></span> <span class='ocrx_word' id='word_1_147' title='bbox 725 3023 811 3091; x_wconf 91' lang='lat' dir='ltr'><strong>certi</strong></span> <span class='ocrx_word' id='word_1_148' title='bbox 832 3023 915 3097; x_wconf 90' lang='lat' dir='ltr'><strong>diei.</strong></span> 
     </span>
    </p>
   </div>
   <div class='ocr_carea' id='block_1_10' title="bbox 148 3153 1140 4266">
    <p class='ocr_par' dir='ltr' id='par_1_10' title="bbox 148 3153 1140 4266">
     <span class='ocr_line' id='line_1_26' title="bbox 252 3153 1136 3250; baseline 0.005 -27"><span class='ocrx_word' id='word_1_149' title='bbox 252 3153 492 3225; x_wconf 81' lang='lat' dir='ltr'><strong>Discernenda</strong></span> <span class='ocrx_word' id='word_1_150' title='bbox 520 3168 603 3226; x_wconf 89' lang='lat' dir='ltr'><strong>sunt</strong></span> <span class='ocrx_word' id='word_1_151' title='bbox 625 3181 683 3244; x_wconf 83' lang='lat' dir='ltr'><strong>ea,</strong></span> <span class='ocrx_word' id='word_1_152' title='bbox 723 3170 919 3250; x_wconf 89' lang='lat' dir='ltr'><strong>quaesunt</strong></span> <span class='ocrx_word' id='word_1_153' title='bbox 943 3179 1136 3227; x_wconf 70' lang='lat' dir='ltr'><strong>necessaria</strong></span> 
     </span>
     <span class='ocr_line' id='line_1_27' title="bbox 148 3257 1136 3344; baseline 0 -16"><span class='ocrx_word' id='word_1_154' title='bbox 148 3275 183 3328; x_wconf 89' lang='lat' dir='ltr'><strong>et</strong></span> <span class='ocrx_word' id='word_1_155' title='bbox 202 3258 290 3328; x_wconf 89' lang='lat' dir='ltr'><strong>iuris</strong></span> <span class='ocrx_word' id='word_1_156' title='bbox 304 3257 419 3326; x_wconf 91' lang='lat' dir='ltr'><strong>divini</strong></span> <span class='ocrx_word' id='word_1_157' title='bbox 436 3269 469 3327; x_wconf 90' lang='lat' dir='ltr'><strong>et</strong></span> <span class='ocrx_word' id='word_1_158' title='bbox 486 3259 671 3330; x_wconf 88' lang='lat' dir='ltr'><strong>retinenda</strong></span> <span class='ocrx_word' id='word_1_159' title='bbox 689 3273 784 3344; x_wconf 90' lang='lat' dir='ltr'><strong>sunt,</strong></span> <span class='ocrx_word' id='word_1_160' title='bbox 800 3270 840 3328; x_wconf 90' lang='lat' dir='ltr'><strong>ut</strong></span> <span class='ocrx_word' id='word_1_161' title='bbox 852 3259 990 3330; x_wconf 87' lang='lat' dir='ltr'><strong>vocatio</strong></span> <span class='ocrx_word' id='word_1_162' title='bbox 1005 3271 1040 3326; x_wconf 90' lang='lat' dir='ltr'><strong>et</strong></span> <span class='ocrx_word' id='word_1_163' title='bbox 1056 3282 1136 3328; x_wconf 84' lang='lat' dir='ltr'><strong>exa-</strong></span> 
     </span>
     <span class='ocr_line' id='line_1_28' title="bbox 149 3355 1137 3452; baseline 0.002 -23"><span class='ocrx_word' id='word_1_164' title='bbox 149 3385 254 3443; x_wconf 88' lang='lat' dir='ltr'><strong>men,</strong></span> <span class='ocrx_word' id='word_1_165' title='bbox 276 3360 469 3451; x_wconf 91' lang='lat' dir='ltr'><strong>publicatio</strong></span> <span class='ocrx_word' id='word_1_166' title='bbox 486 3361 771 3452; x_wconf 84' lang='lat' dir='ltr'><strong>approbationis,</strong></span> <span class='ocrx_word' id='word_1_167' title='bbox 806 3359 972 3452; x_wconf 89' lang='lat' dir='ltr'><strong>precatio.</strong></span> <span class='ocrx_word' id='word_1_168' title='bbox 1031 3355 1078 3432; x_wconf 94' lang='lat' dir='ltr'><strong>Et</strong></span> <span class='ocrx_word' id='word_1_169' title='bbox 1091 3361 1137 3431; x_wconf 91' lang='lat' dir='ltr'><strong>sit</strong></span> 
     </span>
     <span class='ocr_line' id='line_1_29' title="bbox 149 3461 1137 3552; baseline 0.002 -18"><span class='ocrx_word' id='word_1_170' title='bbox 149 3462 286 3534; x_wconf 89' lang='lat' dir='ltr'><strong>candor</strong></span> <span class='ocrx_word' id='word_1_171' title='bbox 328 3461 367 3529; x_wconf 93' lang='lat' dir='ltr'><strong>in</strong></span> <span class='ocrx_word' id='word_1_172' title='bbox 407 3463 537 3532; x_wconf 89' lang='lat' dir='ltr'><strong>talibus</strong></span> <span class='ocrx_word' id='word_1_173' title='bbox 577 3461 878 3552; x_wconf 88' lang='lat' dir='ltr'><strong>disputationibus</strong></span> <span class='ocrx_word' id='word_1_174' title='bbox 925 3463 1137 3536; x_wconf 87' lang='lat' dir='ltr'><strong>iudicandis.</strong></span> 
     </span>
     <span class='ocr_line' id='line_1_30' title="bbox 149 3559 1136 3659; baseline -0.002 -23"><span class='ocrx_word' id='word_1_175' title='bbox 149 3559 315 3636; x_wconf 87' lang='lat' dir='ltr'><strong>Edentur</strong></span> <span class='ocrx_word' id='word_1_176' title='bbox 338 3578 413 3634; x_wconf 87' lang='lat' dir='ltr'><strong>acta</strong></span> <span class='ocrx_word' id='word_1_177' title='bbox 434 3561 571 3659; x_wconf 88' lang='lat' dir='ltr'><strong>Synodi</strong></span> <span class='ocrx_word' id='word_1_178' title='bbox 587 3561 829 3638; x_wconf 88' lang='lat' dir='ltr'><strong>Pomeraniae.</strong></span> <span class='ocrx_word' id='word_1_179' title='bbox 879 3561 984 3634; x_wconf 91' lang='lat' dir='ltr'><strong>Nunc</strong></span> <span class='ocrx_word' id='word_1_180' title='bbox 1006 3565 1050 3634; x_wconf 91' lang='lat' dir='ltr'><strong>de</strong></span> <span class='ocrx_word' id='word_1_181' title='bbox 1076 3579 1136 3636; x_wconf 86' lang='lat' dir='ltr'><strong>tua</strong></span> 
     </span>
     <span class='ocr_line' id='line_1_31' title="bbox 150 3663 1138 3760; baseline 0.002 -26"><span class='ocrx_word' id='word_1_182' title='bbox 150 3663 359 3760; x_wconf 87' lang='lat' dir='ltr'><strong>quaestione</strong></span> <span class='ocrx_word' id='word_1_183' title='bbox 386 3667 603 3758; x_wconf 87' lang='lat' dir='ltr'><strong>respondeo,</strong></span> <span class='ocrx_word' id='word_1_184' title='bbox 638 3690 718 3736; x_wconf 82' lang='lat' dir='ltr'><strong>curn</strong></span> <span class='ocrx_word' id='word_1_185' title='bbox 744 3667 817 3748; x_wconf 88' lang='lat' dir='ltr'><strong>illi,</strong></span> <span class='ocrx_word' id='word_1_186' title='bbox 850 3665 912 3760; x_wconf 91' lang='lat' dir='ltr'><strong>qui</strong></span> <span class='ocrx_word' id='word_1_187' title='bbox 936 3691 1032 3737; x_wconf 91' lang='lat' dir='ltr'><strong>nuuc</strong></span> <span class='ocrx_word' id='word_1_188' title='bbox 1055 3681 1138 3736; x_wconf 90' lang='lat' dir='ltr'><strong>sunt</strong></span> 
     </span>
     <span class='ocr_line' id='line_1_32' title="bbox 150 3765 1138 3852; baseline -0.002 -14"><span class='ocrx_word' id='word_1_189' title='bbox 150 3769 191 3838; x_wconf 90' lang='lat' dir='ltr'><strong>in</strong></span> <span class='ocrx_word' id='word_1_190' title='bbox 213 3765 431 3852; x_wconf 87' lang='lat' dir='ltr'><strong>ministerio,</strong></span> <span class='ocrx_word' id='word_1_191' title='bbox 465 3767 538 3836; x_wconf 89' lang='lat' dir='ltr'><strong>sint</strong></span> <span class='ocrx_word' id='word_1_192' title='bbox 559 3768 693 3850; x_wconf 87' lang='lat' dir='ltr'><strong>vocati,</strong></span> <span class='ocrx_word' id='word_1_193' title='bbox 720 3781 757 3838; x_wconf 89' lang='lat' dir='ltr'><strong>et</strong></span> <span class='ocrx_word' id='word_1_194' title='bbox 779 3767 913 3838; x_wconf 89' lang='lat' dir='ltr'><strong>iudicio</strong></span> <span class='ocrx_word' id='word_1_195' title='bbox 934 3767 1138 3840; x_wconf 88' lang='lat' dir='ltr'><strong>vocantium</strong></span> 
     </span>
     <span class='ocr_line' id='line_1_33' title="bbox 150 3867 1139 3961; baseline -0.001 -22"><span class='ocrx_word' id='word_1_196' title='bbox 150 3867 360 3960; x_wconf 88' lang='lat' dir='ltr'><strong>approbati,</strong></span> <span class='ocrx_word' id='word_1_197' title='bbox 381 3869 517 3940; x_wconf 89' lang='lat' dir='ltr'><strong>etiamsi</strong></span> <span class='ocrx_word' id='word_1_198' title='bbox 539 3893 612 3938; x_wconf 92' lang='lat' dir='ltr'><strong>nou</strong></span> <span class='ocrx_word' id='word_1_199' title='bbox 628 3869 770 3940; x_wconf 88' lang='lat' dir='ltr'><strong>accessit</strong></span> <span class='ocrx_word' id='word_1_200' title='bbox 785 3870 949 3961; x_wconf 89' lang='lat' dir='ltr'><strong>publicus</strong></span> <span class='ocrx_word' id='word_1_201' title='bbox 965 3871 1055 3940; x_wconf 90' lang='lat' dir='ltr'><strong>ritus</strong></span> <span class='ocrx_word' id='word_1_202' title='bbox 1078 3893 1139 3940; x_wconf 91' lang='lat' dir='ltr'><strong>or-</strong></span> 
     </span>
     <span class='ocr_line' id='line_1_34' title="bbox 152 3969 1140 4056; baseline 0 -16"><span class='ocrx_word' id='word_1_203' title='bbox 152 3969 359 4042; x_wconf 89' lang='lat' dir='ltr'><strong>dinationis.</strong></span> <span class='ocrx_word' id='word_1_204' title='bbox 412 3969 452 4042; x_wconf 88' lang='lat' dir='ltr'><strong>Si</strong></span> <span class='ocrx_word' id='word_1_205' title='bbox 472 3983 556 4040; x_wconf 91' lang='lat' dir='ltr'><strong>sunt</strong></span> <span class='ocrx_word' id='word_1_206' title='bbox 579 3971 718 4056; x_wconf 89' lang='lat' dir='ltr'><strong>idonei,</strong></span> <span class='ocrx_word' id='word_1_207' title='bbox 744 3971 767 4044; x_wconf 95' lang='lat' dir='ltr'><strong>i.</strong></span> <span class='ocrx_word' id='word_1_208' title='bbox 786 3997 817 4046; x_wconf 92' lang='lat' dir='ltr'><strong>e.</strong></span> <span class='ocrx_word' id='word_1_209' title='bbox 841 3973 871 4041; x_wconf 89' lang='lat' dir='ltr'><strong>si</strong></span> <span class='ocrx_word' id='word_1_210' title='bbox 892 3983 985 4041; x_wconf 90' lang='lat' dir='ltr'><strong>recte</strong></span> <span class='ocrx_word' id='word_1_211' title='bbox 1000 3971 1140 4054; x_wconf 90' lang='lat' dir='ltr'><strong>docent,</strong></span> 
     </span>
     <span class='ocr_line' id='line_1_35' title="bbox 155 4071 1138 4160; baseline 0.004 -24"><span class='ocrx_word' id='word_1_212' title='bbox 155 4073 246 4142; x_wconf 75' lang='lat' dir='ltr'><strong>valet</strong></span> <span class='ocrx_word' id='word_1_213' title='bbox 259 4095 383 4140; x_wconf 91' lang='lat' dir='ltr'><strong>eorum</strong></span> <span class='ocrx_word' id='word_1_214' title='bbox 400 4071 655 4158; x_wconf 87' lang='lat' dir='ltr'><strong>ministerium,</strong></span> <span class='ocrx_word' id='word_1_215' title='bbox 680 4085 714 4142; x_wconf 85' lang='lat' dir='ltr'><strong>et</strong></span> <span class='ocrx_word' id='word_1_216' title='bbox 731 4095 804 4140; x_wconf 93' lang='lat' dir='ltr'><strong>non</strong></span> <span class='ocrx_word' id='word_1_217' title='bbox 822 4085 907 4142; x_wconf 90' lang='lat' dir='ltr'><strong>sunt</strong></span> <span class='ocrx_word' id='word_1_218' title='bbox 919 4071 1069 4160; x_wconf 82' lang='lat' dir='ltr'><strong>cogendi</strong></span> <span class='ocrx_word' id='word_1_219' title='bbox 1094 4071 1138 4141; x_wconf 89' lang='lat' dir='ltr'><strong>ad</strong></span> 
     </span>
     <span class='ocr_line' id='line_1_36' title="bbox 154 4171 1139 4266; baseline 0.002 -26"><span class='ocrx_word' id='word_1_220' title='bbox 154 4171 395 4265; x_wconf 90' lang='lat' dir='ltr'><strong>recipiendum</strong></span> <span class='ocrx_word' id='word_1_221' title='bbox 413 4173 596 4266; x_wconf 91' lang='lat' dir='ltr'><strong>publicum</strong></span> <span class='ocrx_word' id='word_1_222' title='bbox 612 4173 723 4243; x_wconf 91' lang='lat' dir='ltr'><strong>ritum</strong></span> <span class='ocrx_word' id='word_1_223' title='bbox 737 4173 990 4257; x_wconf 88' lang='lat' dir='ltr'><strong>ordinationis,</strong></span> <span class='ocrx_word' id='word_1_224' title='bbox 1016 4196 1063 4243; x_wconf 90' lang='lat' dir='ltr'><strong>ne</strong></span> <span class='ocrx_word' id='word_1_225' title='bbox 1076 4173 1139 4242; x_wconf 91' lang='lat' dir='ltr'><strong>ad·</strong></span> 
     </span>
    </p>
   </div>
   <div class='ocr_carea' id='block_1_11' title="bbox 153 4269 1194 4360">
    <p class='ocr_par' dir='ltr' id='par_1_11' title="bbox 153 4269 1194 4360">
     <span class='ocr_line' id='line_1_37' title="bbox 153 4269 1194 4360; baseline -0.002 -16"><span class='ocrx_word' id='word_1_226' title='bbox 153 4275 331 4345; x_wconf 90' lang='lat' dir='ltr'><strong>ducantur</strong></span> <span class='ocrx_word' id='word_1_227' title='bbox 353 4269 532 4344; x_wconf 83' lang='lat' dir='ltr'><strong>Ecclesiae</strong></span> <span class='ocrx_word' id='word_1_228' title='bbox 563 4273 603 4342; x_wconf 91' lang='lat' dir='ltr'><strong>in</strong></span> <span class='ocrx_word' id='word_1_229' title='bbox 632 4273 911 4360; x_wconf 87' lang='lat' dir='ltr'><strong>dubitationem,</strong></span> <span class='ocrx_word' id='word_1_230' title='bbox 943 4276 988 4343; x_wconf 91' lang='lat' dir='ltr'><strong>de</strong></span> <span class='ocrx_word' id='word_1_231' title='bbox 1014 4297 1139 4344; x_wconf 90' lang='lat' dir='ltr'><strong>eorum</strong></span> <span class='ocrx_word' id='word_1_232' title='bbox 1188 4289 1194 4306; x_wconf 90' lang='lat'><strong><em>¹</em></strong></span> 
     </span>
    </p>
   </div>
   <div class='ocr_carea' id='block_1_12' title="bbox 154 4372 1145 4775">
    <p class='ocr_par' dir='ltr' id='par_1_12' title="bbox 154 4372 1145 4775">
     <span class='ocr_line' id='line_1_38' title="bbox 154 4372 1142 4468; baseline 0.001 -23"><span class='ocrx_word' id='word_1_233' title='bbox 154 4375 365 4446; x_wconf 90' lang='lat' dir='ltr'><strong>ministerio.</strong></span> <span class='ocrx_word' id='word_1_234' title='bbox 417 4372 477 4445; x_wconf 89' lang='lat' dir='ltr'><strong>Tu</strong></span> <span class='ocrx_word' id='word_1_235' title='bbox 500 4375 607 4445; x_wconf 91' lang='lat' dir='ltr'><strong>modo</strong></span> <span class='ocrx_word' id='word_1_236' title='bbox 631 4375 849 4458; x_wconf 88' lang='lat' dir='ltr'><strong>consideres,</strong></span> <span class='ocrx_word' id='word_1_237' title='bbox 880 4375 944 4468; x_wconf 92' lang='lat' dir='ltr'><strong>qui</strong></span> <span class='ocrx_word' id='word_1_238' title='bbox 964 4375 1035 4446; x_wconf 88' lang='lat' dir='ltr'><strong>sint</strong></span> <span class='ocrx_word' id='word_1_239' title='bbox 1061 4375 1142 4446; x_wconf 91' lang='lat' dir='ltr'><strong>ido·</strong></span> 
     </span>
     <span class='ocr_line' id='line_1_39' title="bbox 155 4475 1143 4572; baseline -0.002 -26"><span class='ocrx_word' id='word_1_240' title='bbox 155 4477 236 4564; x_wconf 92' lang='lat' dir='ltr'><strong>nei,</strong></span> <span class='ocrx_word' id='word_1_241' title='bbox 268 4478 331 4572; x_wconf 90' lang='lat' dir='ltr'><strong>qui</strong></span> <span class='ocrx_word' id='word_1_242' title='bbox 352 4489 445 4548; x_wconf 90' lang='lat' dir='ltr'><strong>recte</strong></span> <span class='ocrx_word' id='word_1_243' title='bbox 466 4477 631 4562; x_wconf 87' lang='lat' dir='ltr'><strong>doceant,</strong></span> <span class='ocrx_word' id='word_1_244' title='bbox 665 4490 700 4548; x_wconf 89' lang='lat' dir='ltr'><strong>et</strong></span> <span class='ocrx_word' id='word_1_245' title='bbox 731 4500 805 4547; x_wconf 90' lang='lat' dir='ltr'><strong>non</strong></span> <span class='ocrx_word' id='word_1_246' title='bbox 824 4475 946 4546; x_wconf 90' lang='lat' dir='ltr'><strong>vivant</strong></span> <span class='ocrx_word' id='word_1_247' title='bbox 969 4476 1007 4545; x_wconf 94' lang='lat' dir='ltr'><strong>in</strong></span> <span class='ocrx_word' id='word_1_248' title='bbox 1026 4477 1143 4547; x_wconf 91' lang='lat' dir='ltr'><strong>mani-</strong></span> 
     </span>
     <span class='ocr_line' id='line_1_40' title="bbox 154 4575 1141 4672; baseline -0.002 -22"><span class='ocrx_word' id='word_1_249' title='bbox 154 4581 242 4650; x_wconf 88' lang='lat' dir='ltr'><strong>lesta</strong></span> <span class='ocrx_word' id='word_1_250' title='bbox 262 4578 495 4671; x_wconf 88' lang='lat' dir='ltr'><strong>turpitudine.</strong></span> <span class='ocrx_word' id='word_1_251' title='bbox 547 4575 634 4648; x_wconf 93' lang='lat' dir='ltr'><strong>lllos</strong></span> <span class='ocrx_word' id='word_1_252' title='bbox 654 4599 767 4665; x_wconf 72' lang='lat' dir='ltr'><strong>vero,</strong></span> <span class='ocrx_word' id='word_1_253' title='bbox 785 4578 846 4672; x_wconf 91' lang='lat' dir='ltr'><strong>qui</strong></span> <span class='ocrx_word' id='word_1_254' title='bbox 867 4601 942 4648; x_wconf 90' lang='lat' dir='ltr'><strong>uon</strong></span> <span class='ocrx_word' id='word_1_255' title='bbox 963 4591 1055 4648; x_wconf 88' lang='lat' dir='ltr'><strong>recte</strong></span> <span class='ocrx_word' id='word_1_256' title='bbox 1077 4581 1141 4649; x_wconf 92' lang='lat' dir='ltr'><strong>do·</strong></span> 
     </span>
     <span class='ocr_line' id='line_1_41' title="bbox 155 4692 1145 4775; baseline -0.001 -24"><span class='ocrx_word' id='word_1_257' title='bbox 155 4695 258 4766; x_wconf 90' lang='lat' dir='ltr'><strong>cent,</strong></span> <span class='ocrx_word' id='word_1_258' title='bbox 284 4692 319 4750; x_wconf 90' lang='lat' dir='ltr'><strong>et</strong></span> <span class='ocrx_word' id='word_1_259' title='bbox 339 4704 491 4775; x_wconf 89' lang='lat' dir='ltr'><strong>quorum</strong></span> <span class='ocrx_word' id='word_1_260' title='bbox 517 4704 634 4750; x_wconf 93' lang='lat' dir='ltr'><strong>mores</strong></span> <span class='ocrx_word' id='word_1_261' title='bbox 652 4694 736 4751; x_wconf 91' lang='lat' dir='ltr'><strong>sunt</strong></span> <span class='ocrx_word' id='word_1_262' title='bbox 757 4694 897 4772; x_wconf 89' lang='lat' dir='ltr'><strong>turpes,</strong></span> <span class='ocrx_word' id='word_1_263' title='bbox 920 4701 1060 4750; x_wconf 87' lang='lat' dir='ltr'><strong>neeesse</strong></span> <span class='ocrx_word' id='word_1_264' title='bbox 1083 4693 1145 4766; x_wconf 89' lang='lat' dir='ltr'><strong>est,</strong></span> 
     </span>
    </p>
   </div>
   <div class='ocr_carea' id='block_1_13' title="bbox 156 4775 1148 4874">
    <p class='ocr_par' dir='ltr' id='par_1_13' title="bbox 156 4775 1148 4874">
     <span class='ocr_line' id='line_1_42' title="bbox 156 4775 1148 4874; baseline -0.001 -22"><span class='ocrx_word' id='word_1_265' title='bbox 156 4781 333 4852; x_wconf 87' lang='lat' dir='ltr'><strong>removeri</strong></span> <span class='ocrx_word' id='word_1_266' title='bbox 347 4807 367 4852; x_wconf 93' lang='lat' dir='ltr'><strong>a</strong></span> <span class='ocrx_word' id='word_1_267' title='bbox 383 4779 581 4852; x_wconf 88' lang='lat' dir='ltr'><strong>ministerio</strong></span> <span class='ocrx_word' id='word_1_268' title='bbox 598 4797 743 4874; x_wconf 87' lang='lat' dir='ltr'><strong>propter</strong></span> <span class='ocrx_word' id='word_1_269' title='bbox 757 4775 849 4852; x_wconf 89' lang='lat' dir='ltr'><strong>hane</strong></span> <span class='ocrx_word' id='word_1_270' title='bbox 867 4781 978 4874; x_wconf 83' lang='lat' dir='ltr'><strong>ipsam</strong></span> <span class='ocrx_word' id='word_1_271' title='bbox 997 4805 1148 4870; x_wconf 87' lang='lat' dir='ltr'><strong>causam,</strong></span> 
     </span>
    </p>
   </div>
   <div class='ocr_carea' id='block_1_14' title="bbox 156 4883 966 4980">
    <p class='ocr_par' dir='ltr' id='par_1_14' title="bbox 156 4883 966 4980">
     <span class='ocr_line' id='line_1_43' title="bbox 156 4883 966 4980; baseline 0.007 -28"><span class='ocrx_word' id='word_1_272' title='bbox 156 4883 242 4980; x_wconf 90' lang='lat' dir='ltr'><strong>quia</strong></span> <span class='ocrx_word' id='word_1_273' title='bbox 261 4906 336 4954; x_wconf 90' lang='lat' dir='ltr'><strong>non</strong></span> <span class='ocrx_word' id='word_1_274' title='bbox 353 4897 446 4954; x_wconf 91' lang='lat' dir='ltr'><strong>recte</strong></span> <span class='ocrx_word' id='word_1_275' title='bbox 462 4883 590 4953; x_wconf 90' lang='lat' dir='ltr'><strong>docent</strong></span> <span class='ocrx_word' id='word_1_276' title='bbox 607 4895 642 4954; x_wconf 92' lang='lat' dir='ltr'><strong>et</strong></span> <span class='ocrx_word' id='word_1_277' title='bbox 658 4885 812 4976; x_wconf 88' lang='lat' dir='ltr'><strong>turpiter</strong></span> <span class='ocrx_word' id='word_1_278' title='bbox 827 4883 966 4958; x_wconf 88' lang='lat' dir='ltr'><strong>vivunt.</strong></span> 
     </span>
    </p>
   </div>
   <div class='ocr_carea' id='block_1_15' title="bbox 193 5029 1149 5110">
    <p class='ocr_par' dir='ltr' id='par_1_15' title="bbox 193 5029 1149 5110">
     <span class='ocr_line' id='line_1_44' title="bbox 193 5029 1149 5110; baseline -0.008 1"><span class='ocrx_word' id='word_1_279' title='bbox 193 5045 198 5054; x_wconf 89' lang='lat'>&#39;</span> <span class='ocrx_word' id='word_1_280' title='bbox 261 5033 333 5110; x_wconf 86' lang='lat' dir='ltr'><strong>Sed</strong></span> <span class='ocrx_word' id='word_1_281' title='bbox 355 5060 437 5110; x_wconf 87' lang='lat' dir='ltr'><strong>cum</strong></span> <span class='ocrx_word' id='word_1_282' title='bbox 452 5031 633 5108; x_wconf 82' lang='lat' dir='ltr'><strong>Ecclesiae</strong></span> <span class='ocrx_word' id='word_1_283' title='bbox 656 5047 793 5106; x_wconf 86' lang='lat' dir='ltr'><strong>vestrae</strong></span> <span class='ocrx_word' id='word_1_284' title='bbox 818 5033 889 5104; x_wconf 90' lang='lat' dir='ltr'><strong>iam</strong></span> <span class='ocrx_word' id='word_1_285' title='bbox 914 5029 1069 5106; x_wconf 87' lang='lat' dir='ltr'><strong>babeant</strong></span> <span class='ocrx_word' id='word_1_286' title='bbox 1090 5033 1149 5104; x_wconf 86' lang='lat' dir='ltr'><strong>iu·</strong></span> 
     </span>
    </p>
   </div>
   <div class='ocr_carea' id='block_1_16' title="bbox 692 317 1596 407">
    <p class='ocr_par' dir='ltr' id='par_1_16' title="bbox 692 317 1596 407">
     <span class='ocr_line' id='line_1_45' title="bbox 692 317 1596 407; baseline -0.007 -1"><span class='ocrx_word' id='word_1_287' title='bbox 692 321 1133 407; x_wconf 74' lang='lat' dir='ltr'><strong>EPISTOLADUM</strong></span> <span class='ocrx_word' id='word_1_288' title='bbox 1192 317 1410 402; x_wconf 64' lang='lat' dir='ltr'><strong>ullam</strong></span> <span class='ocrx_word' id='word_1_289' title='bbox 1463 317 1596 402; x_wconf 83' lang='grc'><strong>1555.</strong></span> 
     </span>
    </p>
   </div>
   <div class='ocr_carea' id='block_1_17' title="bbox 971 489 2178 622">
    <p class='ocr_par' dir='ltr' id='par_1_17' title="bbox 971 489 2178 622">
     <span class='ocr_line' id='line_1_46' title="bbox 971 489 2178 622; baseline 0.003 -55"><span class='ocrx_word' id='word_1_290' title='bbox 971 492 1134 622; x_wconf 57' lang='lat' dir='ltr'><strong>(Q)</strong></span> <span class='ocrx_word' id='word_1_291' title='bbox 1185 493 1281 565; x_wconf 88' lang='lat' dir='ltr'><strong>mine</strong></span> <span class='ocrx_word' id='word_1_292' title='bbox 1309 507 1344 566; x_wconf 87' lang='lat' dir='ltr'><strong>et</strong></span> <span class='ocrx_word' id='word_1_293' title='bbox 1366 494 1506 587; x_wconf 87' lang='lat' dir='ltr'><strong>publica</strong></span> <span class='ocrx_word' id='word_1_294' title='bbox 1530 494 1798 587; x_wconf 83' lang='lat' dir='ltr'><strong>approbatione.</strong></span> <span class='ocrx_word' id='word_1_295' title='bbox 1850 491 1898 569; x_wconf 88' lang='lat' dir='ltr'><strong>Et</strong></span> <span class='ocrx_word' id='word_1_296' title='bbox 1915 489 2098 570; x_wconf 84' lang='lat' dir='ltr'><strong>benefieri</strong></span> <span class='ocrx_word' id='word_1_297' title='bbox 2114 499 2178 572; x_wconf 90' lang='lat' dir='ltr'><strong>de-</strong></span> 
     </span>
    </p>
   </div>
   <div class='ocr_carea' id='block_1_18' title="bbox 2105 325 2181 404">
    <p class='ocr_par' dir='ltr' id='par_1_18' title="bbox 2105 325 2181 404">
     <span class='ocr_line' id='line_1_47' title="bbox 2105 325 2181 404; baseline -0.026 -1"><span class='ocrx_word' id='word_1_298' title='bbox 2105 325 2181 404; x_wconf 80' lang='lat'><strong>598</strong></span> 
     </span>
    </p>
   </div>
   <div class='ocr_carea' id='block_1_19' title="bbox 1184 597 2174 997">
    <p class='ocr_par' dir='ltr' id='par_1_19' title="bbox 1184 597 2174 997">
     <span class='ocr_line' id='line_1_48' title="bbox 1184 597 2174 697; baseline 0.007 -32"><span class='ocrx_word' id='word_1_299' title='bbox 1184 612 1238 667; x_wconf 92' lang='lat' dir='ltr'><strong>cet</strong></span> <span class='ocrx_word' id='word_1_300' title='bbox 1253 597 1382 668; x_wconf 89' lang='lat' dir='ltr'><strong>usitato</strong></span> <span class='ocrx_word' id='word_1_301' title='bbox 1406 599 1497 682; x_wconf 89' lang='lat' dir='ltr'><strong>ritu,</strong></span> <span class='ocrx_word' id='word_1_302' title='bbox 1524 599 1586 692; x_wconf 90' lang='lat' dir='ltr'><strong>qui</strong></span> <span class='ocrx_word' id='word_1_303' title='bbox 1611 597 1716 668; x_wconf 89' lang='lat' dir='ltr'><strong>etiam</strong></span> <span class='ocrx_word' id='word_1_304' title='bbox 1732 599 1800 670; x_wconf 83' lang='lat' dir='ltr'><strong>fuit</strong></span> <span class='ocrx_word' id='word_1_305' title='bbox 1814 601 1964 672; x_wconf 88' lang='lat' dir='ltr'><strong>usitatus</strong></span> <span class='ocrx_word' id='word_1_306' title='bbox 1978 598 2174 697; x_wconf 86' lang='lat' dir='ltr'><strong>Apostolis,</strong></span> 
     </span>
     <span class='ocr_line' id='line_1_49' title="bbox 1184 695 2173 792; baseline 0.007 -24"><span class='ocrx_word' id='word_1_307' title='bbox 1184 713 1218 770; x_wconf 87' lang='lat' dir='ltr'><strong>et</strong></span> <span class='ocrx_word' id='word_1_308' title='bbox 1238 700 1404 792; x_wconf 89' lang='lat' dir='ltr'><strong>deinceps</strong></span> <span class='ocrx_word' id='word_1_309' title='bbox 1431 700 1540 770; x_wconf 89' lang='lat' dir='ltr'><strong>veteri</strong></span> <span class='ocrx_word' id='word_1_310' title='bbox 1565 695 1755 770; x_wconf 86' lang='lat' dir='ltr'><strong>Ecclesiae.</strong></span> <span class='ocrx_word' id='word_1_311' title='bbox 1808 699 1902 786; x_wconf 89' lang='lat' dir='ltr'><strong>imo,</strong></span> <span class='ocrx_word' id='word_1_312' title='bbox 1928 703 2033 773; x_wconf 90' lang='lat' dir='ltr'><strong>credo</strong></span> <span class='ocrx_word' id='word_1_313' title='bbox 2063 705 2173 776; x_wconf 87' lang='lat' dir='ltr'><strong>usita-</strong></span> 
     </span>
     <span class='ocr_line' id='line_1_50' title="bbox 1184 801 2173 896; baseline 0.008 -27"><span class='ocrx_word' id='word_1_314' title='bbox 1184 812 1258 871; x_wconf 90' lang='lat' dir='ltr'><strong>tum</strong></span> <span class='ocrx_word' id='word_1_315' title='bbox 1283 801 1389 872; x_wconf 86' lang='lat' dir='ltr'><strong>inisse</strong></span> <span class='ocrx_word' id='word_1_316' title='bbox 1412 801 1496 872; x_wconf 89' lang='lat' dir='ltr'><strong>iude</strong></span> <span class='ocrx_word' id='word_1_317' title='bbox 1521 825 1633 896; x_wconf 86' lang='lat' dir='ltr'><strong>nsque</strong></span> <span class='ocrx_word' id='word_1_318' title='bbox 1657 827 1676 872; x_wconf 85' lang='lat' dir='ltr'><strong>a</strong></span> <span class='ocrx_word' id='word_1_319' title='bbox 1700 802 1826 894; x_wconf 90' lang='lat' dir='ltr'><strong>primis</strong></span> <span class='ocrx_word' id='word_1_320' title='bbox 1842 803 2028 891; x_wconf 87' lang='lat' dir='ltr'><strong>Patribus,</strong></span> <span class='ocrx_word' id='word_1_321' title='bbox 2054 820 2089 877; x_wconf 91' lang='lat' dir='ltr'><strong>et</strong></span> <span class='ocrx_word' id='word_1_322' title='bbox 2113 801 2173 877; x_wconf 89' lang='lat' dir='ltr'><strong>hic</strong></span> 
     </span>
     <span class='ocr_line' id='line_1_51' title="bbox 1184 903 1924 997; baseline 0.008 -26"><span class='ocrx_word' id='word_1_323' title='bbox 1184 903 1272 976; x_wconf 90' lang='lat' dir='ltr'><strong>ritus</strong></span> <span class='ocrx_word' id='word_1_324' title='bbox 1285 904 1363 974; x_wconf 92' lang='lat' dir='ltr'><strong>sine</strong></span> <span class='ocrx_word' id='word_1_325' title='bbox 1378 905 1631 996; x_wconf 88' lang='lat' dir='ltr'><strong>superstitione</strong></span> <span class='ocrx_word' id='word_1_326' title='bbox 1646 905 1780 974; x_wconf 88' lang='lat' dir='ltr'><strong>servari</strong></span> <span class='ocrx_word' id='word_1_327' title='bbox 1798 921 1924 997; x_wconf 88' lang='lat' dir='ltr'><strong>potest.</strong></span> 
     </span>
    </p>
   </div>
   <div class='ocr_carea' id='block_1_20' title="bbox 1183 1051 2180 3082">
    <p class='ocr_par' dir='ltr' id='par_1_20' title="bbox 1183 1051 2180 3082">
     <span class='ocr_line' id='line_1_52' title="bbox 1284 1051 2171 1149; baseline 0.007 -24"><span class='ocrx_word' id='word_1_328' title='bbox 1284 1053 1338 1125; x_wconf 93' lang='lat' dir='ltr'><strong>De</strong></span> <span class='ocrx_word' id='word_1_329' title='bbox 1359 1053 1427 1126; x_wconf 86' lang='lat' dir='ltr'><strong>alia</strong></span> <span class='ocrx_word' id='word_1_330' title='bbox 1444 1054 1669 1149; x_wconf 88' lang='lat' dir='ltr'><strong>quaestione,</strong></span> <span class='ocrx_word' id='word_1_331' title='bbox 1697 1051 1791 1124; x_wconf 89' lang='lat' dir='ltr'><strong>nibil</strong></span> <span class='ocrx_word' id='word_1_332' title='bbox 1805 1057 1933 1130; x_wconf 91' lang='lat' dir='ltr'><strong>dubito</strong></span> <span class='ocrx_word' id='word_1_333' title='bbox 1956 1081 2171 1146; x_wconf 84' lang='lat' dir='ltr'><strong>asseverare;</strong></span> 
     </span>
     <span class='ocr_line' id='line_1_53' title="bbox 1184 1149 2172 1234; baseline 0.01 -10"><span class='ocrx_word' id='word_1_334' title='bbox 1184 1149 1276 1225; x_wconf 87' lang='lat' dir='ltr'><strong>nihil</strong></span> <span class='ocrx_word' id='word_1_335' title='bbox 1292 1149 1424 1228; x_wconf 88' lang='lat' dir='ltr'><strong>habere</strong></span> <span class='ocrx_word' id='word_1_336' title='bbox 1442 1156 1614 1226; x_wconf 87' lang='lat' dir='ltr'><strong>rationem</strong></span> <span class='ocrx_word' id='word_1_337' title='bbox 1631 1155 1850 1230; x_wconf 90' lang='lat' dir='ltr'><strong>Sacramenti</strong></span> <span class='ocrx_word' id='word_1_338' title='bbox 1868 1175 1963 1233; x_wconf 80' lang='lat' dir='ltr'><strong>extra</strong></span> <span class='ocrx_word' id='word_1_339' title='bbox 1986 1183 2091 1232; x_wconf 88' lang='lat' dir='ltr'><strong>nsum</strong></span> <span class='ocrx_word' id='word_1_340' title='bbox 2113 1161 2172 1234; x_wconf 94' lang='lat' dir='ltr'><strong>in-</strong></span> 
     </span>
     <span class='ocr_line' id='line_1_54' title="bbox 1183 1253 2171 1334; baseline 0.004 -6"><span class='ocrx_word' id='word_1_341' title='bbox 1183 1259 1357 1333; x_wconf 87' lang='lat' dir='ltr'><strong>stitutum.</strong></span> <span class='ocrx_word' id='word_1_342' title='bbox 1417 1256 1491 1328; x_wconf 89' lang='lat' dir='ltr'><strong>Nec</strong></span> <span class='ocrx_word' id='word_1_343' title='bbox 1519 1253 1654 1328; x_wconf 86' lang='lat' dir='ltr'><strong>Eccius</strong></span> <span class='ocrx_word' id='word_1_344' title='bbox 1677 1255 1896 1331; x_wconf 83' lang='lat' dir='ltr'><strong>Ratisbonae</strong></span> <span class='ocrx_word' id='word_1_345' title='bbox 1928 1263 2171 1334; x_wconf 85' lang='lat' dir='ltr'><strong>contradicere</strong></span> 
     </span>
     <span class='ocr_line' id='line_1_55' title="bbox 1185 1359 2172 1456; baseline 0.004 -26"><span class='ocrx_word' id='word_1_346' title='bbox 1185 1359 1310 1453; x_wconf 89' lang='lat' dir='ltr'><strong>potnit.</strong></span> <span class='ocrx_word' id='word_1_347' title='bbox 1363 1359 1446 1431; x_wconf 87' lang='lat' dir='ltr'><strong>Ideo</strong></span> <span class='ocrx_word' id='word_1_348' title='bbox 1464 1359 1606 1440; x_wconf 91' lang='lat' dir='ltr'><strong>vinum,</strong></span> <span class='ocrx_word' id='word_1_349' title='bbox 1633 1363 1729 1456; x_wconf 91' lang='lat' dir='ltr'><strong>quod</strong></span> <span class='ocrx_word' id='word_1_350' title='bbox 1746 1377 1924 1455; x_wconf 91' lang='lat' dir='ltr'><strong>superest,</strong></span> <span class='ocrx_word' id='word_1_351' title='bbox 1947 1377 2064 1455; x_wconf 88' lang='lat' dir='ltr'><strong>posset</strong></span> <span class='ocrx_word' id='word_1_352' title='bbox 2077 1365 2172 1437; x_wconf 88' lang='lat' dir='ltr'><strong>tradi</strong></span> 
     </span>
     <span class='ocr_line' id='line_1_56' title="bbox 1184 1462 2172 1538; baseline 0.006 -6"><span class='ocrx_word' id='word_1_353' title='bbox 1184 1463 1325 1534; x_wconf 89' lang='lat' dir='ltr'><strong>aedituo</strong></span> <span class='ocrx_word' id='word_1_354' title='bbox 1345 1465 1389 1532; x_wconf 90' lang='lat' dir='ltr'><strong>ad</strong></span> <span class='ocrx_word' id='word_1_355' title='bbox 1405 1462 1638 1534; x_wconf 89' lang='lat' dir='ltr'><strong>domesticum</strong></span> <span class='ocrx_word' id='word_1_356' title='bbox 1654 1485 1769 1537; x_wconf 91' lang='lat' dir='ltr'><strong>usum.</strong></span> <span class='ocrx_word' id='word_1_357' title='bbox 1829 1463 1930 1538; x_wconf 90' lang='lat' dir='ltr'><strong>Sicut</strong></span> <span class='ocrx_word' id='word_1_358' title='bbox 1947 1465 2034 1536; x_wconf 92' lang='lat' dir='ltr'><strong>olim</strong></span> <span class='ocrx_word' id='word_1_359' title='bbox 2051 1467 2172 1538; x_wconf 84' lang='lat' dir='ltr'><strong>eristi-</strong></span> 
     </span>
     <span class='ocr_line' id='line_1_57' title="bbox 1184 1563 2174 1661; baseline 0.009 -29"><span class='ocrx_word' id='word_1_360' title='bbox 1184 1589 1242 1632; x_wconf 92' lang='lat' dir='ltr'><strong>mo</strong></span> <span class='ocrx_word' id='word_1_361' title='bbox 1259 1587 1386 1656; x_wconf 88' lang='lat' dir='ltr'><strong>panem</strong></span> <span class='ocrx_word' id='word_1_362' title='bbox 1403 1567 1437 1636; x_wconf 89' lang='lat' dir='ltr'><strong>el</strong></span> <span class='ocrx_word' id='word_1_363' title='bbox 1450 1564 1575 1636; x_wconf 90' lang='lat' dir='ltr'><strong>vinum</strong></span> <span class='ocrx_word' id='word_1_364' title='bbox 1592 1563 1732 1658; x_wconf 90' lang='lat' dir='ltr'><strong>copiose</strong></span> <span class='ocrx_word' id='word_1_365' title='bbox 1746 1567 1789 1634; x_wconf 89' lang='lat' dir='ltr'><strong>ad</strong></span> <span class='ocrx_word' id='word_1_366' title='bbox 1807 1591 1905 1636; x_wconf 91' lang='lat' dir='ltr'><strong>aram</strong></span> <span class='ocrx_word' id='word_1_367' title='bbox 1917 1569 2077 1661; x_wconf 87' lang='lat' dir='ltr'><strong>adposita</strong></span> <span class='ocrx_word' id='word_1_368' title='bbox 2088 1593 2174 1640; x_wconf 88' lang='lat' dir='ltr'><strong>esse.</strong></span> 
     </span>
     <span class='ocr_line' id='line_1_58' title="bbox 1185 1665 2173 1762; baseline 0.005 -26"><span class='ocrx_word' id='word_1_369' title='bbox 1185 1665 1256 1736; x_wconf 91' lang='lat' dir='ltr'><strong>Sed</strong></span> <span class='ocrx_word' id='word_1_370' title='bbox 1272 1666 1355 1762; x_wconf 90' lang='lat' dir='ltr'><strong>quia</strong></span> <span class='ocrx_word' id='word_1_371' title='bbox 1372 1691 1447 1738; x_wconf 92' lang='lat' dir='ltr'><strong>nun</strong></span> <span class='ocrx_word' id='word_1_372' title='bbox 1461 1667 1615 1737; x_wconf 91' lang='lat' dir='ltr'><strong>multum</strong></span> <span class='ocrx_word' id='word_1_373' title='bbox 1632 1667 1709 1736; x_wconf 89' lang='lat' dir='ltr'><strong>vini</strong></span> <span class='ocrx_word' id='word_1_374' title='bbox 1726 1681 1805 1758; x_wconf 85' lang='lat' dir='ltr'><strong>post</strong></span> <span class='ocrx_word' id='word_1_375' title='bbox 1827 1671 2114 1741; x_wconf 89' lang='lat' dir='ltr'><strong>communionem</strong></span> <span class='ocrx_word' id='word_1_376' title='bbox 2134 1671 2173 1742; x_wconf 90' lang='lat' dir='ltr'><strong>in</strong></span> 
     </span>
     <span class='ocr_line' id='line_1_59' title="bbox 1185 1765 2173 1862; baseline 0.006 -24"><span class='ocrx_word' id='word_1_377' title='bbox 1185 1765 1354 1838; x_wconf 87' lang='lat' dir='ltr'><strong>Ecclesiis</strong></span> <span class='ocrx_word' id='word_1_378' title='bbox 1375 1791 1557 1862; x_wconf 89' lang='lat' dir='ltr'><strong>superesse</strong></span> <span class='ocrx_word' id='word_1_379' title='bbox 1585 1769 1690 1853; x_wconf 90' lang='lat' dir='ltr'><strong>solet,</strong></span> <span class='ocrx_word' id='word_1_380' title='bbox 1733 1769 1853 1840; x_wconf 89' lang='lat' dir='ltr'><strong>minus</strong></span> <span class='ocrx_word' id='word_1_381' title='bbox 1878 1771 2087 1842; x_wconf 84' lang='lat' dir='ltr'><strong>offensionis</strong></span> <span class='ocrx_word' id='word_1_382' title='bbox 2110 1787 2173 1854; x_wconf 87' lang='lat' dir='ltr'><strong>est,</strong></span> 
     </span>
     <span class='ocr_line' id='line_1_60' title="bbox 1186 1869 2174 1964; baseline 0.008 -26"><span class='ocrx_word' id='word_1_383' title='bbox 1186 1872 1214 1939; x_wconf 85' lang='lat' dir='ltr'><strong>si</strong></span> <span class='ocrx_word' id='word_1_384' title='bbox 1240 1871 1345 1942; x_wconf 90' lang='lat' dir='ltr'><strong>detur</strong></span> <span class='ocrx_word' id='word_1_385' title='bbox 1377 1871 1439 1956; x_wconf 90' lang='lat' dir='ltr'><strong>iis,</strong></span> <span class='ocrx_word' id='word_1_386' title='bbox 1473 1869 1536 1964; x_wconf 90' lang='lat' dir='ltr'><strong>qui</strong></span> <span class='ocrx_word' id='word_1_387' title='bbox 1570 1872 1640 1942; x_wconf 89' lang='lat' dir='ltr'><strong>iam</strong></span> <span class='ocrx_word' id='word_1_388' title='bbox 1674 1869 1713 1940; x_wconf 91' lang='lat' dir='ltr'><strong>iu</strong></span> <span class='ocrx_word' id='word_1_389' title='bbox 1743 1873 1991 1945; x_wconf 88' lang='lat' dir='ltr'><strong>communione</strong></span> <span class='ocrx_word' id='word_1_390' title='bbox 2018 1874 2174 1958; x_wconf 87' lang='lat' dir='ltr'><strong>inerunt,</strong></span> 
     </span>
     <span class='ocr_line' id='line_1_61' title="bbox 1186 1969 2175 2067; baseline 0.006 -27"><span class='ocrx_word' id='word_1_391' title='bbox 1186 1973 1276 2042; x_wconf 88' lang='lat' dir='ltr'><strong>sicut</strong></span> <span class='ocrx_word' id='word_1_392' title='bbox 1296 1973 1390 2067; x_wconf 90' lang='lat' dir='ltr'><strong>apud</strong></span> <span class='ocrx_word' id='word_1_393' title='bbox 1416 1995 1482 2042; x_wconf 92' lang='lat' dir='ltr'><strong>nos</strong></span> <span class='ocrx_word' id='word_1_394' title='bbox 1505 1971 1554 2042; x_wconf 80' lang='lat' dir='ltr'><strong>fit</strong></span> <span class='ocrx_word' id='word_1_395' title='bbox 1609 1969 1681 2044; x_wconf 94' lang='lat' dir='ltr'><strong>Ubi</strong></span> <span class='ocrx_word' id='word_1_396' title='bbox 1704 1996 1777 2043; x_wconf 93' lang='lat' dir='ltr'><strong>non</strong></span> <span class='ocrx_word' id='word_1_397' title='bbox 1803 1973 1979 2046; x_wconf 77' lang='lat' dir='ltr'><strong>satisfuit</strong></span> <span class='ocrx_word' id='word_1_398' title='bbox 2002 1975 2175 2060; x_wconf 89' lang='lat' dir='ltr'><strong>incalice,</strong></span> 
     </span>
     <span class='ocr_line' id='line_1_62' title="bbox 1187 2071 2176 2150; baseline 0.006 -6"><span class='ocrx_word' id='word_1_399' title='bbox 1187 2099 1232 2144; x_wconf 91' lang='lat' dir='ltr'><strong>an</strong></span> <span class='ocrx_word' id='word_1_400' title='bbox 1249 2075 1322 2145; x_wconf 88' lang='lat' dir='ltr'><strong>sint</strong></span> <span class='ocrx_word' id='word_1_401' title='bbox 1338 2071 1496 2144; x_wconf 89' lang='lat' dir='ltr'><strong>iteranda</strong></span> <span class='ocrx_word' id='word_1_402' title='bbox 1517 2074 1625 2144; x_wconf 85' lang='lat' dir='ltr'><strong>verba</strong></span> <span class='ocrx_word' id='word_1_403' title='bbox 1650 2075 1953 2146; x_wconf 81' lang='lat' dir='ltr'><strong>consecrationis?</strong></span> <span class='ocrx_word' id='word_1_404' title='bbox 2010 2075 2052 2150; x_wconf 91' lang='lat' dir='ltr'><strong>Si</strong></span> <span class='ocrx_word' id='word_1_405' title='bbox 2077 2079 2176 2150; x_wconf 86' lang='lat' dir='ltr'><strong>stetit</strong></span> 
     </span>
     <span class='ocr_line' id='line_1_63' title="bbox 1187 2171 2176 2265; baseline 0.004 -20"><span class='ocrx_word' id='word_1_406' title='bbox 1187 2171 1378 2247; x_wconf 88' lang='lat' dir='ltr'><strong>cantharus</strong></span> <span class='ocrx_word' id='word_1_407' title='bbox 1406 2201 1487 2246; x_wconf 88' lang='lat' dir='ltr'><strong>cum</strong></span> <span class='ocrx_word' id='word_1_408' title='bbox 1511 2175 1596 2246; x_wconf 92' lang='lat' dir='ltr'><strong>vino</strong></span> <span class='ocrx_word' id='word_1_409' title='bbox 1625 2175 1665 2244; x_wconf 92' lang='lat' dir='ltr'><strong>in</strong></span> <span class='ocrx_word' id='word_1_410' title='bbox 1692 2177 1817 2262; x_wconf 89' lang='lat' dir='ltr'><strong>altari,</strong></span> <span class='ocrx_word' id='word_1_411' title='bbox 1851 2201 1925 2250; x_wconf 93' lang='lat' dir='ltr'><strong>uon</strong></span> <span class='ocrx_word' id='word_1_412' title='bbox 1947 2201 2088 2250; x_wconf 88' lang='lat' dir='ltr'><strong>necesse</strong></span> <span class='ocrx_word' id='word_1_413' title='bbox 2112 2194 2176 2265; x_wconf 89' lang='lat' dir='ltr'><strong>est,</strong></span> 
     </span>
     <span class='ocr_line' id='line_1_64' title="bbox 1188 2276 2177 2372; baseline 0.006 -26"><span class='ocrx_word' id='word_1_414' title='bbox 1188 2279 1299 2370; x_wconf 90' lang='lat' dir='ltr'><strong>repeti</strong></span> <span class='ocrx_word' id='word_1_415' title='bbox 1315 2279 1420 2348; x_wconf 90' lang='lat' dir='ltr'><strong>verba</strong></span> <span class='ocrx_word' id='word_1_416' title='bbox 1439 2277 1731 2362; x_wconf 88' lang='lat' dir='ltr'><strong>consecrationis,</strong></span> <span class='ocrx_word' id='word_1_417' title='bbox 1759 2276 1843 2372; x_wconf 88' lang='lat' dir='ltr'><strong>quia</strong></span> <span class='ocrx_word' id='word_1_418' title='bbox 1865 2279 2018 2351; x_wconf 88' lang='lat' dir='ltr'><strong>intentio</strong></span> <span class='ocrx_word' id='word_1_419' title='bbox 2042 2281 2177 2352; x_wconf 86' lang='lat' dir='ltr'><strong>directa</strong></span> 
     </span>
     <span class='ocr_line' id='line_1_65' title="bbox 1188 2377 2177 2454; baseline 0.004 -6"><span class='ocrx_word' id='word_1_420' title='bbox 1188 2393 1240 2450; x_wconf 86' lang='lat' dir='ltr'><strong>est</strong></span> <span class='ocrx_word' id='word_1_421' title='bbox 1261 2381 1305 2451; x_wconf 91' lang='lat' dir='ltr'><strong>ad</strong></span> <span class='ocrx_word' id='word_1_422' title='bbox 1327 2393 1441 2451; x_wconf 90' lang='lat' dir='ltr'><strong>totum</strong></span> <span class='ocrx_word' id='word_1_423' title='bbox 1457 2402 1573 2454; x_wconf 89' lang='lat' dir='ltr'><strong>usum.</strong></span> <span class='ocrx_word' id='word_1_424' title='bbox 1625 2377 1665 2450; x_wconf 89' lang='lat' dir='ltr'><strong>Si</strong></span> <span class='ocrx_word' id='word_1_425' title='bbox 1680 2392 1797 2450; x_wconf 88' lang='lat' dir='ltr'><strong>antem</strong></span> <span class='ocrx_word' id='word_1_426' title='bbox 1812 2380 1959 2452; x_wconf 89' lang='lat' dir='ltr'><strong>aliunde</strong></span> <span class='ocrx_word' id='word_1_427' title='bbox 1976 2383 2177 2454; x_wconf 81' lang='lat' dir='ltr'><strong>adferretur</strong></span> 
     </span>
     <span class='ocr_line' id='line_1_66' title="bbox 1188 2479 2176 2574; baseline 0.004 -25"><span class='ocrx_word' id='word_1_428' title='bbox 1188 2482 1332 2565; x_wconf 89' lang='lat' dir='ltr'><strong>vinnm,</strong></span> <span class='ocrx_word' id='word_1_429' title='bbox 1367 2483 1494 2552; x_wconf 91' lang='lat' dir='ltr'><strong>vellem</strong></span> <span class='ocrx_word' id='word_1_430' title='bbox 1525 2479 1636 2574; x_wconf 83' lang='lat' dir='ltr'><strong>repeti</strong></span> <span class='ocrx_word' id='word_1_431' title='bbox 1665 2494 1774 2552; x_wconf 90' lang='lat' dir='ltr'><strong>totam</strong></span> <span class='ocrx_word' id='word_1_432' title='bbox 1803 2483 2045 2555; x_wconf 85' lang='lat' dir='ltr'><strong>narrationem</strong></span> <span class='ocrx_word' id='word_1_433' title='bbox 2068 2481 2176 2556; x_wconf 86' lang='lat' dir='ltr'><strong>Chri-</strong></span> 
     </span>
     <span class='ocr_line' id='line_1_67' title="bbox 1189 2579 2176 2680; baseline 0.004 -28"><span class='ocrx_word' id='word_1_434' title='bbox 1189 2586 1232 2654; x_wconf 89' lang='lat' dir='ltr'><strong>sti</strong></span> <span class='ocrx_word' id='word_1_435' title='bbox 1246 2587 1291 2654; x_wconf 88' lang='lat' dir='ltr'><strong>de</strong></span> <span class='ocrx_word' id='word_1_436' title='bbox 1314 2585 1539 2658; x_wconf 88' lang='lat' dir='ltr'><strong>institutione</strong></span> <span class='ocrx_word' id='word_1_437' title='bbox 1559 2607 1689 2656; x_wconf 88' lang='lat' dir='ltr'><strong>coenae</strong></span> <span class='ocrx_word' id='word_1_438' title='bbox 1702 2579 1930 2672; x_wconf 91' lang='lat' dir='ltr'><strong>Dominicae,</strong></span> <span class='ocrx_word' id='word_1_439' title='bbox 1953 2600 1988 2658; x_wconf 92' lang='lat' dir='ltr'><strong>et</strong></span> <span class='ocrx_word' id='word_1_440' title='bbox 2011 2587 2176 2680; x_wconf 89' lang='lat' dir='ltr'><strong>repetitio</strong></span> 
     </span>
     <span class='ocr_line' id='line_1_68' title="bbox 1189 2686 2176 2781; baseline 0.008 -27"><span class='ocrx_word' id='word_1_441' title='bbox 1189 2701 1255 2758; x_wconf 78' lang='lat' dir='ltr'><strong>asta</strong></span> <span class='ocrx_word' id='word_1_442' title='bbox 1286 2710 1360 2756; x_wconf 90' lang='lat' dir='ltr'><strong>uon</strong></span> <span class='ocrx_word' id='word_1_443' title='bbox 1390 2701 1440 2756; x_wconf 89' lang='lat' dir='ltr'><strong>est</strong></span> <span class='ocrx_word' id='word_1_444' title='bbox 1474 2687 1603 2778; x_wconf 92' lang='lat' dir='ltr'><strong>prioris</strong></span> <span class='ocrx_word' id='word_1_445' title='bbox 1638 2686 1915 2758; x_wconf 89' lang='lat' dir='ltr'><strong>consecrationis</strong></span> <span class='ocrx_word' id='word_1_446' title='bbox 1949 2687 2176 2781; x_wconf 88' lang='lat' dir='ltr'><strong>improbatio.</strong></span> 
     </span>
     <span class='ocr_line' id='line_1_69' title="bbox 1188 2781 2180 2862; baseline 0.004 -6"><span class='ocrx_word' id='word_1_447' title='bbox 1188 2785 1280 2856; x_wconf 90' lang='lat' dir='ltr'><strong>Nam</strong></span> <span class='ocrx_word' id='word_1_448' title='bbox 1297 2800 1389 2856; x_wconf 87' lang='lat' dir='ltr'><strong>certe</strong></span> <span class='ocrx_word' id='word_1_449' title='bbox 1404 2811 1483 2857; x_wconf 89' lang='lat' dir='ltr'><strong>cum</strong></span> <span class='ocrx_word' id='word_1_450' title='bbox 1501 2789 1641 2856; x_wconf 87' lang='lat' dir='ltr'><strong>assidue</strong></span> <span class='ocrx_word' id='word_1_451' title='bbox 1654 2781 1741 2856; x_wconf 89' lang='lat' dir='ltr'><strong>baec</strong></span> <span class='ocrx_word' id='word_1_452' title='bbox 1754 2789 1860 2858; x_wconf 90' lang='lat' dir='ltr'><strong>verba</strong></span> <span class='ocrx_word' id='word_1_453' title='bbox 1878 2791 2101 2862; x_wconf 88' lang='lat' dir='ltr'><strong>sumentibus</strong></span> <span class='ocrx_word' id='word_1_454' title='bbox 2118 2815 2180 2861; x_wconf 88' lang='lat' dir='ltr'><strong>co-</strong></span> 
     </span>
     <span class='ocr_line' id='line_1_70' title="bbox 1189 2883 2179 2982; baseline 0.009 -29"><span class='ocrx_word' id='word_1_455' title='bbox 1189 2887 1332 2976; x_wconf 83' lang='lat' dir='ltr'><strong>gitanda</strong></span> <span class='ocrx_word' id='word_1_456' title='bbox 1349 2901 1449 2958; x_wconf 83' lang='lat' dir='ltr'><strong>snm:</strong></span> <span class='ocrx_word' id='word_1_457' title='bbox 1475 2889 1557 2958; x_wconf 91' lang='lat' dir='ltr'><strong>ideo</strong></span> <span class='ocrx_word' id='word_1_458' title='bbox 1575 2883 1665 2955; x_wconf 90' lang='lat' dir='ltr'><strong>mibi</strong></span> <span class='ocrx_word' id='word_1_459' title='bbox 1679 2911 1754 2956; x_wconf 91' lang='lat' dir='ltr'><strong>non</strong></span> <span class='ocrx_word' id='word_1_460' title='bbox 1769 2889 1972 2980; x_wconf 88' lang='lat' dir='ltr'><strong>displiceret</strong></span> <span class='ocrx_word' id='word_1_461' title='bbox 1988 2903 2060 2960; x_wconf 87' lang='lat' dir='ltr'><strong>tota</strong></span> <span class='ocrx_word' id='word_1_462' title='bbox 2076 2915 2179 2982; x_wconf 89' lang='lat' dir='ltr'><strong>repe-</strong></span> 
     </span>
     <span class='ocr_line' id='line_1_71' title="bbox 1189 2983 2178 3082; baseline 0.007 -24"><span class='ocrx_word' id='word_1_463' title='bbox 1189 2987 1289 3072; x_wconf 90' lang='lat' dir='ltr'><strong>titio,</strong></span> <span class='ocrx_word' id='word_1_464' title='bbox 1314 2989 1452 3057; x_wconf 87' lang='lat' dir='ltr'><strong>etiamsi</strong></span> <span class='ocrx_word' id='word_1_465' title='bbox 1473 2989 1597 3058; x_wconf 92' lang='lat' dir='ltr'><strong>vinum</strong></span> <span class='ocrx_word' id='word_1_466' title='bbox 1621 2987 1659 3056; x_wconf 93' lang='lat' dir='ltr'><strong>in</strong></span> <span class='ocrx_word' id='word_1_467' title='bbox 1685 2983 1856 3058; x_wconf 87' lang='lat' dir='ltr'><strong>cantharo</strong></span> <span class='ocrx_word' id='word_1_468' title='bbox 1876 2991 2078 3082; x_wconf 87' lang='lat' dir='ltr'><strong>appositum</strong></span> <span class='ocrx_word' id='word_1_469' title='bbox 2099 2993 2178 3066; x_wconf 87' lang='lat' dir='ltr'><strong>snit.</strong></span> 
     </span>
    </p>
   </div>
   <div class='ocr_carea' id='block_1_21' title="bbox 1105 3084 2179 3182">
    <p class='ocr_par' dir='ltr' id='par_1_21' title="bbox 1105 3084 2179 3182">
     <span class='ocr_line' id='line_1_72' title="bbox 1105 3084 2179 3182; baseline 0.004 -22"><span class='ocrx_word' id='word_1_470' title='bbox 1105 3157 1114 3173; x_wconf 83' lang='grc'><em>,</em></span> <span class='ocrx_word' id='word_1_471' title='bbox 1191 3087 1397 3160; x_wconf 86' lang='lat' dir='ltr'><strong>iudicentur</strong></span> <span class='ocrx_word' id='word_1_472' title='bbox 1412 3084 1498 3159; x_wconf 90' lang='lat' dir='ltr'><strong>baec</strong></span> <span class='ocrx_word' id='word_1_473' title='bbox 1514 3089 1572 3182; x_wconf 91' lang='lat' dir='ltr'><strong>pie</strong></span> <span class='ocrx_word' id='word_1_474' title='bbox 1589 3102 1623 3158; x_wconf 93' lang='lat' dir='ltr'><strong>et</strong></span> <span class='ocrx_word' id='word_1_475' title='bbox 1638 3087 1715 3160; x_wconf 89' lang='lat' dir='ltr'><strong>siue</strong></span> <span class='ocrx_word' id='word_1_476' title='bbox 1729 3089 1923 3182; x_wconf 87' lang='lat' dir='ltr'><strong>cupiditate</strong></span> <span class='ocrx_word' id='word_1_477' title='bbox 1937 3095 2179 3164; x_wconf 92' lang='lat' dir='ltr'><strong>contendendi</strong></span> 
     </span>
    </p>
   </div>
   <div class='ocr_carea' id='block_1_22' title="bbox 1190 3187 2167 3284">
    <p class='ocr_par' dir='ltr' id='par_1_22' title="bbox 1190 3187 2167 3284">
     <span class='ocr_line' id='line_1_73' title="bbox 1190 3187 2167 3284; baseline 0.007 -24"><span class='ocrx_word' id='word_1_478' title='bbox 1190 3205 1225 3262; x_wconf 91' lang='lat' dir='ltr'><strong>et</strong></span> <span class='ocrx_word' id='word_1_479' title='bbox 1239 3189 1442 3266; x_wconf 87' lang='lat' dir='ltr'><strong>cavillandi.</strong></span> <span class='ocrx_word' id='word_1_480' title='bbox 1476 3187 1664 3264; x_wconf 88' lang='lat' dir='ltr'><strong>Dabantur</strong></span> <span class='ocrx_word' id='word_1_481' title='bbox 1679 3189 1926 3284; x_wconf 78' lang='lat' dir='ltr'><strong>Vitembergae</strong></span> <span class='ocrx_word' id='word_1_482' title='bbox 1941 3217 2037 3264; x_wconf 90' lang='lat' dir='ltr'><strong>anno</strong></span> <span class='ocrx_word' id='word_1_483' title='bbox 2057 3193 2167 3268; x_wconf 87' lang='grc'><strong>1555.</strong></span> 
     </span>
    </p>
   </div>
   <div class='ocr_carea' id='block_1_23' title="bbox 1710 3323 2131 3525">
    <p class='ocr_par' dir='ltr' id='par_1_23' title="bbox 1710 3323 2131 3525">
     <span class='ocr_line' id='line_1_74' title="bbox 1710 3323 2131 3423; baseline 0.014 -23"><span class='ocrx_word' id='word_1_484' title='bbox 1710 3323 1902 3423; x_wconf 86' lang='lat' dir='ltr'><strong>Philippus</strong></span> <span class='ocrx_word' id='word_1_485' title='bbox 1916 3328 2131 3406; x_wconf 90' lang='lat' dir='ltr'><strong>Melanthou</strong></span> 
     </span>
     <span class='ocr_line' id='line_1_75' title="bbox 1780 3435 2027 3525; baseline 0.016 -24"><span class='ocrx_word' id='word_1_486' title='bbox 1780 3458 1826 3506; x_wconf 90' lang='lat' dir='ltr'><strong>m.</strong></span> <span class='ocrx_word' id='word_1_487' title='bbox 1843 3458 1877 3525; x_wconf 93' lang='lat' dir='ltr'><strong>p.</strong></span> <span class='ocrx_word' id='word_1_488' title='bbox 1892 3435 2027 3506; x_wconf 86' lang='lat' dir='ltr'><strong>subscr.</strong></span> 
     </span>
    </p>
   </div>
   <div class='ocr_carea' id='block_1_24' title="bbox 1705 3565 2240 3763">
    <p class='ocr_par' dir='ltr' id='par_1_24' title="bbox 1705 3565 2240 3763">
     <span class='ocr_line' id='line_1_76' title="bbox 1705 3565 2109 3657; baseline 0.005 -17"><span class='ocrx_word' id='word_1_489' title='bbox 1705 3565 1882 3657; x_wconf 78' lang='lat' dir='ltr'><strong>Georgius</strong></span> <span class='ocrx_word' id='word_1_490' title='bbox 1901 3565 2040 3655; x_wconf 88' lang='lat' dir='ltr'><strong>Maior,</strong></span> <span class='ocrx_word' id='word_1_491' title='bbox 2063 3567 2109 3642; x_wconf 88' lang='lat' dir='ltr'><strong>D.</strong></span> 
     </span>
     <span class='ocr_line' id='line_1_77' title="bbox 1798 3669 2240 3763; baseline 0.007 -25"><span class='ocrx_word' id='word_1_492' title='bbox 1798 3669 2016 3763; x_wconf 88' lang='lat' dir='ltr'><strong>subscripsit.</strong></span> <span class='ocrx_word' id='word_1_493' title='bbox 2237 3695 2240 3708; x_wconf 92' lang='lat'>·</span> 
     </span>
    </p>
   </div>
   <div class='ocr_carea' id='block_1_25' title="bbox 1199 3908 2187 3952">
    <p class='ocr_par' dir='ltr' id='par_1_25' title="bbox 1199 3908 2187 3952">
     <span class='ocr_line' id='line_1_78' title="bbox 1199 3908 2187 3952; baseline 0.003 -26"><span class='ocrx_word' id='word_1_494' title='bbox 1199 3908 2187 3952; x_wconf 36' lang='lat' dir='ltr'><strong>ww*</strong></span> 
     </span>
    </p>
   </div>
   <div class='ocr_carea' id='block_1_26' title="bbox 1192 4067 2159 4194">
    <p class='ocr_par' dir='ltr' id='par_1_26' title="bbox 1192 4067 2159 4194">
     <span class='ocr_line' id='line_1_79' title="bbox 1192 4067 2159 4194; baseline -0.006 -49"><span class='ocrx_word' id='word_1_495' title='bbox 1192 4067 1385 4194; x_wconf 60' lang='lat' dir='ltr'><strong>Q·</strong></span> <span class='ocrx_word' id='word_1_496' title='bbox 2034 4069 2159 4146; x_wconf 69' lang='lat' dir='ltr'><strong>atto.</strong></span> 
     </span>
    </p>
   </div>
   <div class='ocr_carea' id='block_1_27' title="bbox 1400 4270 2002 4389">
    <p class='ocr_par' dir='ltr' id='par_1_27' title="bbox 1400 4270 2002 4389">
     <span class='ocr_line' id='line_1_80' title="bbox 1400 4270 2002 4389; baseline -0.012 -28"><span class='ocrx_word' id='word_1_497' title='bbox 1400 4270 1654 4389; x_wconf 76' lang='lat' dir='ltr'><strong>Glsytruesss</strong></span> <span class='ocrx_word' id='word_1_498' title='bbox 1682 4270 1750 4357; x_wconf 81' lang='lat' dir='ltr'><strong>nd</strong></span> <span class='ocrx_word' id='word_1_499' title='bbox 1776 4273 2002 4360; x_wconf 80' lang='lat' dir='ltr'><strong>Melontls.</strong></span> 
     </span>
    </p>
   </div>
   <div class='ocr_carea' id='block_1_28' title="bbox 1296 4397 2056 4504">
    <p class='ocr_par' dir='ltr' id='par_1_28' title="bbox 1296 4397 2056 4504">
     <span class='ocr_line' id='line_1_81' title="bbox 1296 4397 2056 4504; baseline -0.005 -18"><span class='ocrx_word' id='word_1_500' title='bbox 1296 4429 1335 4486; x_wconf 79' lang='lat' dir='ltr'><strong>Rs</strong></span> <span class='ocrx_word' id='word_1_501' title='bbox 1349 4397 1504 4504; x_wconf 66' lang='lat' dir='ltr'><strong>apographo</strong></span> <span class='ocrx_word' id='word_1_502' title='bbox 1518 4426 1548 4482; x_wconf 83' lang='lat' dir='ltr'><strong>in</strong></span> <span class='ocrx_word' id='word_1_503' title='bbox 1561 4427 1626 4484; x_wconf 84' lang='lat' dir='ltr'><strong>coel.</strong></span> <span class='ocrx_word' id='word_1_504' title='bbox 1640 4425 1751 4483; x_wconf 80' lang='lat' dir='ltr'><strong>Monac.</strong></span> <span class='ocrx_word' id='word_1_505' title='bbox 1764 4427 1810 4484; x_wconf 79' lang='grc'><strong>59.</strong></span> <span class='ocrx_word' id='word_1_506' title='bbox 1829 4445 1876 4486; x_wconf 83' lang='lat' dir='ltr'><strong>ao.</strong></span> <span class='ocrx_word' id='word_1_507' title='bbox 1891 4427 1937 4486; x_wconf 78' lang='lat' dir='ltr'><strong>Vl.</strong></span> <span class='ocrx_word' id='word_1_508' title='bbox 1949 4447 1978 4502; x_wconf 89' lang='lat' dir='ltr'><strong>p.</strong></span> <span class='ocrx_word' id='word_1_509' title='bbox 1994 4425 2056 4488; x_wconf 79' lang='grc'><strong>150.</strong></span> 
     </span>
    </p>
   </div>
   <div class='ocr_carea' id='block_1_29' title="bbox 1371 4577 2018 4682">
    <p class='ocr_par' dir='ltr' id='par_1_29' title="bbox 1371 4577 2018 4682">
     <span class='ocr_line' id='line_1_82' title="bbox 1371 4577 2018 4682; baseline -0.005 -23"><span class='ocrx_word' id='word_1_510' title='bbox 1371 4581 1428 4666; x_wconf 89' lang='lat' dir='ltr'><strong>D.</strong></span> <span class='ocrx_word' id='word_1_511' title='bbox 1453 4579 1684 4682; x_wconf 80' lang='lat' dir='ltr'><strong>Philippo</strong></span> <span class='ocrx_word' id='word_1_512' title='bbox 1709 4577 2018 4659; x_wconf 87' lang='lat' dir='ltr'><strong>Melontlsoni</strong></span> 
     </span>
    </p>
   </div>
   <div class='ocr_carea' id='block_1_30' title="bbox 1198 4723 2188 5137">
    <p class='ocr_par' dir='ltr' id='par_1_30' title="bbox 1198 4723 2188 5137">
     <span class='ocr_line' id='line_1_83' title="bbox 1198 4723 2185 4824; baseline -0.003 -12"><span class='ocrx_word' id='word_1_513' title='bbox 1198 4723 1248 4814; x_wconf 80' lang='lat' dir='ltr'><strong>S·</strong></span> <span class='ocrx_word' id='word_1_514' title='bbox 1281 4733 1328 4810; x_wconf 92' lang='lat' dir='ltr'><strong>D.</strong></span> <span class='ocrx_word' id='word_1_515' title='bbox 1384 4733 1589 4808; x_wconf 88' lang='lat' dir='ltr'><strong>Clarissime</strong></span> <span class='ocrx_word' id='word_1_516' title='bbox 1606 4728 1652 4806; x_wconf 91' lang='lat' dir='ltr'><strong>D.</strong></span> <span class='ocrx_word' id='word_1_517' title='bbox 1674 4745 1889 4824; x_wconf 88' lang='lat' dir='ltr'><strong>praeceptor.</strong></span> <span class='ocrx_word' id='word_1_518' title='bbox 1949 4731 2118 4822; x_wconf 88' lang='lat' dir='ltr'><strong>Gaudeo,</strong></span> <span class='ocrx_word' id='word_1_519' title='bbox 2151 4752 2185 4809; x_wconf 91' lang='lat' dir='ltr'><strong>te</strong></span> 
     </span>
     <span class='ocr_line' id='line_1_84' title="bbox 1198 4831 2185 4933; baseline -0.004 -19"><span class='ocrx_word' id='word_1_520' title='bbox 1198 4843 1360 4914; x_wconf 87' lang='lat' dir='ltr'><strong>restituta</strong></span> <span class='ocrx_word' id='word_1_521' title='bbox 1382 4833 1539 4908; x_wconf 87' lang='lat' dir='ltr'><strong>Ecclesia</strong></span> <span class='ocrx_word' id='word_1_522' title='bbox 1564 4831 1816 4922; x_wconf 70' lang='lat' dir='ltr'><strong>Noribergensi</strong></span> <span class='ocrx_word' id='word_1_523' title='bbox 1839 4834 1898 4926; x_wconf 88' lang='lat' dir='ltr'><strong>pia</strong></span> <span class='ocrx_word' id='word_1_524' title='bbox 1927 4839 2185 4933; x_wconf 88' lang='lat' dir='ltr'><strong>tranquillitate</strong></span> 
     </span>
     <span class='ocr_line' id='line_1_85' title="bbox 1199 4933 2187 5024; baseline -0.003 -10"><span class='ocrx_word' id='word_1_525' title='bbox 1199 4945 1414 5014; x_wconf 88' lang='lat' dir='ltr'><strong>ineolumem</strong></span> <span class='ocrx_word' id='word_1_526' title='bbox 1433 4939 1477 5007; x_wconf 88' lang='lat' dir='ltr'><strong>ad</strong></span> <span class='ocrx_word' id='word_1_527' title='bbox 1499 4951 1580 5008; x_wconf 90' lang='lat' dir='ltr'><strong>tuos</strong></span> <span class='ocrx_word' id='word_1_528' title='bbox 1594 4935 1756 5014; x_wconf 87' lang='lat' dir='ltr'><strong>rediisse,</strong></span> <span class='ocrx_word' id='word_1_529' title='bbox 1783 4949 1818 5006; x_wconf 93' lang='lat' dir='ltr'><strong>et</strong></span> <span class='ocrx_word' id='word_1_530' title='bbox 1831 4933 1947 5008; x_wconf 86' lang='lat' dir='ltr'><strong>Deum</strong></span> <span class='ocrx_word' id='word_1_531' title='bbox 1961 4963 2045 5024; x_wconf 91' lang='lat' dir='ltr'><strong>oro,</strong></span> <span class='ocrx_word' id='word_1_532' title='bbox 2070 4955 2109 5012; x_wconf 91' lang='lat' dir='ltr'><strong>ut</strong></span> <span class='ocrx_word' id='word_1_533' title='bbox 2125 4965 2187 5011; x_wconf 82' lang='lat' dir='ltr'><strong>ve-</strong></span> 
     </span>
     <span class='ocr_line' id='line_1_86' title="bbox 1200 5035 2188 5137; baseline -0.013 -19"><span class='ocrx_word' id='word_1_534' title='bbox 1200 5061 1309 5118; x_wconf 86' lang='lat' dir='ltr'><strong>stram</strong></span> <span class='ocrx_word' id='word_1_535' title='bbox 1332 5039 1580 5120; x_wconf 75' lang='lat' dir='ltr'><strong>Academiam,</strong></span> <span class='ocrx_word' id='word_1_536' title='bbox 1611 5057 1715 5104; x_wconf 86' lang='lat' dir='ltr'><strong>verae</strong></span> <span class='ocrx_word' id='word_1_537' title='bbox 1747 5037 1929 5110; x_wconf 84' lang='lat' dir='ltr'><strong>doctrinae</strong></span> <span class='ocrx_word' id='word_1_538' title='bbox 1960 5035 2188 5137; x_wconf 68' lang='grc' dir='ltr'><strong>μητρόπολιν</strong></span> 
     </span>
    </p>
   </div>
   <div class='ocr_carea' id='block_1_31' title="bbox 159 5134 2188 5229">
    <p class='ocr_par' dir='ltr' id='par_1_31' title="bbox 159 5134 2188 5229">
     <span class='ocr_line' id='line_1_87' title="bbox 159 5134 2188 5229; baseline 0.001 -19"><span class='ocrx_word' id='word_1_539' title='bbox 159 5135 394 5228; x_wconf 88' lang='lat' dir='ltr'><strong>spectionem,</strong></span> <span class='ocrx_word' id='word_1_540' title='bbox 418 5137 721 5229; x_wconf 87' lang='lat' dir='ltr'><strong>deincepsnullus</strong></span> <span class='ocrx_word' id='word_1_541' title='bbox 743 5135 953 5208; x_wconf 84' lang='lat' dir='ltr'><strong>admittatur</strong></span> <span class='ocrx_word' id='word_1_542' title='bbox 975 5135 1053 5206; x_wconf 90' lang='lat' dir='ltr'><strong>sine</strong></span> <span class='ocrx_word' id='word_1_543' title='bbox 1069 5159 1150 5206; x_wconf 81' lang='lat' dir='ltr'><strong>exa·</strong></span> <span class='ocrx_word' id='word_1_544' title='bbox 1202 5163 1237 5220; x_wconf 83' lang='lat' dir='ltr'><strong>et</strong></span> <span class='ocrx_word' id='word_1_545' title='bbox 1262 5163 1314 5224; x_wconf 91' lang='lat' dir='ltr'><strong>te,</strong></span> <span class='ocrx_word' id='word_1_546' title='bbox 1346 5165 1489 5212; x_wconf 91' lang='lat' dir='ltr'><strong>murum</strong></span> <span class='ocrx_word' id='word_1_547' title='bbox 1516 5151 1552 5210; x_wconf 92' lang='lat' dir='ltr'><strong>et</strong></span> <span class='ocrx_word' id='word_1_548' title='bbox 1575 5137 1733 5226; x_wconf 76' lang='lat' dir='ltr'><strong>aurigam</strong></span> <span class='ocrx_word' id='word_1_549' title='bbox 1760 5134 1957 5223; x_wconf 76' lang='lat' dir='ltr'><strong>Ecclesiae,</strong></span> <span class='ocrx_word' id='word_1_550' title='bbox 1989 5143 2188 5214; x_wconf 83' lang='lat' dir='ltr'><strong>diutissime</strong></span> 
     </span>
    </p>
   </div>
   <div class='ocr_carea' id='block_1_32' title="bbox 162 5319 380 5337">
    <p class='ocr_par' dir='ltr' id='par_1_32' title="bbox 162 5319 380 5337">
     <span class='ocr_line' id='line_1_88' title="bbox 162 5319 380 5337; baseline -0.018 0"><span class='ocrx_word' id='word_1_551' title='bbox 162 5319 380 5337; x_wconf 55' lang='lat' dir='ltr'><strong>m</strong></span> 
     </span>
    </p>
   </div>
   <div class='ocr_carea' id='block_1_33' title="bbox 195 5415 1151 5505">
    <p class='ocr_par' dir='ltr' id='par_1_33' title="bbox 195 5415 1151 5505">
     <span class='ocr_line' id='line_1_89' title="bbox 195 5415 1151 5505; baseline 0 -33"><span class='ocrx_word' id='word_1_552' title='bbox 195 5421 231 5492; x_wconf 71' lang='lat'><strong>⁸)</strong></span> <span class='ocrx_word' id='word_1_553' title='bbox 250 5417 312 5476; x_wconf 78' lang='lat' dir='ltr'><strong>vet.</strong></span> <span class='ocrx_word' id='word_1_554' title='bbox 330 5431 392 5488; x_wconf 82' lang='lat' dir='ltr'><strong>epp.</strong></span> <span class='ocrx_word' id='word_1_555' title='bbox 411 5417 440 5474; x_wconf 90' lang='lat' dir='ltr'><strong>d.</strong></span> <span class='ocrx_word' id='word_1_556' title='bbox 460 5421 482 5473; x_wconf 91' lang='lat' dir='ltr'><strong>l.</strong></span> <span class='ocrx_word' id='word_1_557' title='bbox 501 5418 571 5476; x_wconf 78' lang='lat' dir='ltr'><strong>Nor.</strong></span> <span class='ocrx_word' id='word_1_558' title='bbox 588 5420 622 5476; x_wconf 83' lang='lat' dir='ltr'><strong>ad</strong></span> <span class='ocrx_word' id='word_1_559' title='bbox 636 5417 803 5480; x_wconf 67' lang='lat' dir='ltr'><strong>tarnum</strong></span> <span class='ocrx_word' id='word_1_560' title='bbox 821 5425 849 5474; x_wconf 88' lang='lat' dir='ltr'><strong>el</strong></span> <span class='ocrx_word' id='word_1_561' title='bbox 862 5419 887 5478; x_wconf 89' lang='lat' dir='ltr'><strong>d.</strong></span> <span class='ocrx_word' id='word_1_562' title='bbox 902 5415 1022 5505; x_wconf 60' lang='grc'><strong>151111.</strong></span> <span class='ocrx_word' id='word_1_563' title='bbox 1039 5415 1074 5474; x_wconf 79' lang='lat' dir='ltr'><strong>sd</strong></span> <span class='ocrx_word' id='word_1_564' title='bbox 1087 5417 1151 5473; x_wconf 84' lang='lat' dir='ltr'><strong>Du·</strong></span> 
     </span>
    </p>
   </div>
   <div class='ocr_carea' id='block_1_34' title="bbox 232 5485 423 5545">
    <p class='ocr_par' dir='ltr' id='par_1_34' title="bbox 232 5485 423 5545">
     <span class='ocr_line' id='line_1_90' title="bbox 232 5485 423 5545; baseline -0.026 0"><span class='ocrx_word' id='word_1_565' title='bbox 232 5507 292 5545; x_wconf 78' lang='lat' dir='ltr'><strong>cene</strong></span> <span class='ocrx_word' id='word_1_566' title='bbox 312 5485 423 5542; x_wconf 79' lang='lat' dir='ltr'><strong>Pomer.</strong></span> 
     </span>
    </p>
   </div>
   <div class='ocr_carea' id='block_1_35' title="bbox 1204 5233 2195 5532">
    <p class='ocr_par' dir='ltr' id='par_1_35' title="bbox 1204 5233 2195 5532">
     <span class='ocr_line' id='line_1_91' title="bbox 1204 5233 2190 5337; baseline -0.008 -15"><span class='ocrx_word' id='word_1_567' title='bbox 1204 5259 1319 5321; x_wconf 78' lang='lat' dir='ltr'><strong>servet</strong></span> <span class='ocrx_word' id='word_1_568' title='bbox 1343 5233 1541 5311; x_wconf 89' lang='lat' dir='ltr'><strong>llorenlem.</strong></span> <span class='ocrx_word' id='word_1_569' title='bbox 1595 5235 1636 5306; x_wconf 92' lang='lat' dir='ltr'><strong>ln</strong></span> <span class='ocrx_word' id='word_1_570' title='bbox 1665 5234 1719 5306; x_wconf 86' lang='lat' dir='ltr'><strong>his</strong></span> <span class='ocrx_word' id='word_1_571' title='bbox 1740 5242 1946 5330; x_wconf 73' lang='lat' dir='ltr'><strong>regionibus</strong></span> <span class='ocrx_word' id='word_1_572' title='bbox 1971 5241 2042 5337; x_wconf 73' lang='lat' dir='ltr'><strong>deq</strong></span> <span class='ocrx_word' id='word_1_573' title='bbox 2068 5263 2190 5336; x_wconf 74' lang='lat' dir='ltr'><strong>vagata</strong></span> 
     </span>
     <span class='ocr_line' id='line_1_92' title="bbox 1205 5339 2192 5444; baseline -0.007 -20"><span class='ocrx_word' id='word_1_574' title='bbox 1205 5367 1239 5423; x_wconf 90' lang='lat' dir='ltr'><strong>et</strong></span> <span class='ocrx_word' id='word_1_575' title='bbox 1255 5343 1356 5444; x_wconf 86' lang='lat' dir='ltr'><strong>quasi</strong></span> <span class='ocrx_word' id='word_1_576' title='bbox 1371 5345 1489 5412; x_wconf 87' lang='lat' dir='ltr'><strong>sedern</strong></span> <span class='ocrx_word' id='word_1_577' title='bbox 1507 5351 1638 5410; x_wconf 90' lang='lat' dir='ltr'><strong>certam</strong></span> <span class='ocrx_word' id='word_1_578' title='bbox 1656 5339 1785 5428; x_wconf 80' lang='lat' dir='ltr'><strong>figens,</strong></span> <span class='ocrx_word' id='word_1_579' title='bbox 1812 5343 1906 5414; x_wconf 90' lang='lat' dir='ltr'><strong>inter</strong></span> <span class='ocrx_word' id='word_1_580' title='bbox 1920 5345 2098 5438; x_wconf 90' lang='lat' dir='ltr'><strong>principes</strong></span> <span class='ocrx_word' id='word_1_581' title='bbox 2119 5348 2192 5418; x_wconf 85' lang='lat' dir='ltr'><strong>irs-</strong></span> 
     </span>
     <span class='ocr_line' id='line_1_93' title="bbox 1206 5441 2195 5532; baseline -0.011 -5"><span class='ocrx_word' id='word_1_582' title='bbox 1206 5471 1277 5528; x_wconf 89' lang='lat' dir='ltr'><strong>tres</strong></span> <span class='ocrx_word' id='word_1_583' title='bbox 1291 5446 1443 5520; x_wconf 82' lang='lat' dir='ltr'><strong>subinde</strong></span> <span class='ocrx_word' id='word_1_584' title='bbox 1458 5465 1551 5512; x_wconf 87' lang='lat' dir='ltr'><strong>nova</strong></span> <span class='ocrx_word' id='word_1_585' title='bbox 1565 5441 1796 5512; x_wconf 90' lang='lat' dir='ltr'><strong>dissidiorum</strong></span> <span class='ocrx_word' id='word_1_586' title='bbox 1807 5445 1970 5516; x_wconf 87' lang='lat' dir='ltr'><strong>incendia</strong></span> <span class='ocrx_word' id='word_1_587' title='bbox 1988 5445 2195 5532; x_wconf 87' lang='lat' dir='ltr'><strong>inllammat,</strong></span> 
     </span>
    </p>
   </div>
   <div class='ocr_carea' id='block_1_36' title="bbox 0 0 2420 6180">
    <p class='ocr_par' dir='ltr' id='par_1_36' title="bbox 0 0 2420 6180">
     <span class='ocr_line' id='line_1_94' title="bbox 0 0 2420 6180; baseline 0 0"><span class='ocrx_word' id='word_1_588' title='bbox 0 0 2420 6180; x_wconf 95' lang='lat' dir='ltr'><strong> </strong></span> 
     </span>
    </p>
   </div>
  </div>
 </body>
</html>
