4808 6176
241 295 318 373 459

296 479 366 544 Ηοο
379 483 490 542 miram
504 475 612 542 foedus
629 495 749 558 semper
762 486 845 537 inens
860 478 990 557 cogitet,
1017 495 1079 538 uno

346 583 416 646 Hoc
432 597 493 662 est,
520 607 559 644 ne
576 585 680 644 dubita
693 581 814 642 i'oedere
829 592 912 660 parts
927 571 1063 668 salus¹).

246 715 358 807 Spero
384 715 509 806 igitur,
541 713 655 782 filiurn
681 708 750 782 Dei
777 731 842 778 nos
868 710 1020 778 insertos
1046 709 1114 802 ipsi
1137 707 1237 780 velut

245 817 407 887 surculos
428 828 648 886 servaturum
670 835 759 897 esse,
793 811 929 880 etiamsi
953 825 1064 880 ruunt
1087 810 1237 902 imperia

246 915 480 993 horribiliter.
530 916 572 988 ln
589 928 766 986 conventu
778 908 985 1003 Augustano
1002 913 1108 983 audio
1124 925 1157 984 et
1172 913 1237 982 ad-

247 1045 368 1092 versus
388 1020 531 1090 nostras
546 1015 720 1088 Ecclesias
750 1015 901 1085 minacia
928 1013 1041 1085 edicta
1070 1015 1236 1108 proponi,

247 1138 282 1195 et
302 1123 371 1193 seri
395 1122 592 1191 occasiones
613 1143 789 1189 novorum
805 1111 1027 1210 motuum²).
1078 1117 1149 1190 Sed
1173 1143 1236 1189 oro

246 1225 359 1295 filium
372 1222 457 1309 Dei,
481 1237 522 1294 ut
540 1247 606 1292 nos
622 1223 796 1314 gubernet
816 1233 850 1290 et
871 1231 1039 1311 protegat.
1081 1219 1180 1292 Bene
1203 1234 1237 1291 et

245 1327 395 1398 feliciter
412 1327 488 1397 vale
507 1327 759 1398 conss-frater.
802 1317 839 1396 5.
855 1319 1001 1410 Martii,
1027 1319 1136 1400 1555.

244 1715 310 1786 Νο.
328 1709 441 1789 5745.

250 1809 422 1840 m

439 1917 682 2004 Testimon.
711 1917 769 2003 dc
796 1915 1046 2006 Sebossero.

314 2081 394 2138 Edita
407 2079 436 2134 in
452 2077 593 2135 Sebosseri
607 2077 777 2150 poematibus
796 2095 838 2151 ep.
851 2079 877 2136 2.
899 2078 1011 2150 (Luna.)

1086 1721 1119 1788 5.
1137 1715 1217 1780 Mart

1058 1809 1231 1838 Μ

244 2240 423 2314 Decanus
459 2227 625 2332 Collegit
659 2230 923 2334 Philosophia·
960 2234 1000 2306 in
1034 2230 1236 2305 Academia

252 2339 549 2438 Wlebergensi,
589 2333 773 2438 Carpat
805 2334 1096 2410 Guilielmas
1135 2335 1236 2408 Herl-

812 287 1244 370 EPISTOLARUM
1293 291 1511 374 mnxtt.
1567 292 1701 378 1555.

2196 308 2273 383 tto

1283 481 1421 559 tegente
1441 468 1558 562 ipsum
1578 467 1672 543 Filio
1688 468 1758 544 Dei
1780 487 1816 545 et
1837 475 2056 566 gubernante
2081 472 2179 548 bunc
2204 482 2283 549 exi-

1284 586 1372 646 tum.
1422 569 1514 642 Cum
1528 587 1646 644 autem
1660 569 1745 646 haec
1761 591 1907 669 propter
1919 579 2069 668 gloriam
2076 578 2146 650 Dei
2164 581 2284 653 literis

1284 675 1453 745 mandare
1476 669 1766 750 honestissimum
1792 680 1852 750 sit:
1879 681 2058 751 laudanda
2077 695 2129 752 est
2144 685 2284 754 volun-

1285 791 1336 846 tas
1351 769 1545 847 Schosseri
1553 835 1563 864 ,
1589 780 1652 873 qui
1667 781 1823 852 carmine
1838 805 1903 876 suo
1920 777 1985 852 bas
2000 795 2115 854 tantas
2130 809 2189 854 res
2202 811 2286 856 me-

1285 879 1418 947 moriae.
1438 883 1650 972 posteritatis
1666 883 1824 959 tradidit.
1876 883 2032 976 intelligi
2058 889 2164 956 etiarn
2193 889 2286 959 inde

1285 995 1415 1073 potest,
1440 983 1586 1073 probari
1600 1009 1744 1070 venam,
1770 986 1886 1058 studia
1905 1002 1940 1058 et
1954 1013 2068 1058 mores
2084 981 2290 1060 Scbosseri

1286 1084 1373 1152 viris
1388 1081 1545 1155 honestis
1569 1100 1604 1156 et
1620 1088 1790 1170 eruditis,
1816 1090 1899 1183 quia
1920 1103 1953 1159 et
1975 1087 2173 1184 aStigelio
2199 1107 2241 1164 et
2268 1120 2289 1166 a

1286 1180 1432 1255 Sabino
1454 1188 1634 1278 diligitur,
1665 1191 1792 1284 quide
1815 1187 1882 1262 hae
1905 1193 2084 1286 scribendi
2107 1195 2287 1267 facultate

1286 1289 1418 1379 optime
1435 1290 1611 1375 iudicant,
1627 1305 1661 1362 et
1677 1293 1877 1363 eruditione
1890 1318 1931 1364 ac
1946 1296 2074 1366 virtute
2088 1297 2289 1370 excellunt.

1286 1388 1448 1484 Cumque
1464 1393 1502 1460 in
1512 1389 1702 1464 Academia
1712 1393 1995 1485 Regiomontana
2012 1397 2155 1467 circiter
2172 1400 2287 1493 quin-

1287 1494 1482 1586 quennium
1500 1509 1737 1566 commoratus
1753 1500 1815 1583 sit,
1831 1513 1865 1568 et
1881 1513 1999 1592 posset
2016 1499 2065 1569 ibi
2085 1495 2282 1574 honestum

1287 1596 1405 1666 locum
1422 1591 1569 1668 haberet
1596 1596 1755 1670 discessit
1769 1601 1873 1686 inde,
1897 1615 1938 1671 ut
1951 1601 2031 1686 alii,
2048 1601 2136 1695 quia
2154 1627 2177 1672 a
2195 1629 2280 1676 con-

1288 1698 1507 1770 tentionibus
1530 1699 1583 1769 ibi
1603 1701 1709 1772 motis
1730 1697 1929 1778 abhorruit.
1979 1702 2108 1774 Postea
2131 1709 2275 1777 accersi-

1287 1814 1344 1870 tus
1367 1814 1419 1871 cst
1440 1803 1485 1870 ad
1506 1803 1796 1892 gubernationem
1822 1800 1962 1897 scholae
1984 1801 2264 1882 Smalcaldicac.

1288 1901 1408 1990 Quare
1422 1904 1485 1974 etsi
1500 1929 1541 1973 ex
1556 1906 1694 1998 scriptis
1716 1895 1791 1976 eihs
1806 1908 1852 1976 de
1867 1907 2030 1998 ingenio,
2057 1909 2209 1978 moribus
2231 1921 2260 1977 et

1287 2006 1413 2074 studiis
1435 2005 1586 2076 iudicari
1608 2022 1738 2098 potest:
1785 2022 1921 2091 tamen,
1956 2011 2038 2102 quia
2063 2007 2262 2080 Academiae

1288 2119 1427 2176 nostrae
1455 2110 1573 2178 studia
1594 2112 1738 2200 probat,
1766 2111 1872 2181 etiam
1897 2113 2082 2202 publicum
2113 2115 2268 2184 testimo·

1288 2209 1388 2284 oium
1404 2212 1496 2300 apud
1513 2234 1578 2279 nos
1595 2213 1730 2302 petivit.
1770 2211 1862 2283 Cum
1878 2213 1988 2304 igitur
2004 2215 2195 2303 ingenium
2214 2211 2277 2286 hu·

1287 2310 1341 2380 ius
1359 2305 1545 2380 Iohannis
1563 2306 1770 2398 Schosseri,
1792 2327 1826 2385 et
1850 2316 2104 2402 eruditionem,
2132 2333 2169 2390 et
2195 2319 2281 2388 scri-

1288 2413 1394 2482 bendi
1409 2415 1628 2498 facultatem,
1656 2429 1690 2484 et
1704 2441 1820 2485 mores
1835 2421 2085 2522 probaremus:
2115 2422 2283 2489 decrevi-

1286 2537 1364 2584 mus
1381 2515 1413 2583 ei
1428 2518 1574 2605 gradum
1584 2514 1781 2606 Magisterii
1795 2514 2057 2610 philosophici,
2079 2535 2114 2590 et
2130 2517 2201 2590 has
2214 2547 2284 2592 no·

1285 2630 1373 2686 stras
1390 2618 1509 2687 literas
1523 2631 1625 2688 testes
1644 2642 1717 2690 esse
1734 2621 1898 2690 volumus
1922 2621 2044 2691 iudicii
2066 2624 2115 2692 de
2138 2647 2185 2693 eo
2213 2651 2283 2694 no-

1285 2719 1368 2803 stri,
1406 2733 1440 2790 et
1473 2721 1740 2793 benevolentiae
1771 2746 1852 2811 erga
1886 2723 2022 2814 ipsum,
2051 2738 2100 2794 -et
2134 2729 2284 2816 gradus.

242 2808 397 2894 Norunt
409 2817 520 2906 igitur
536 2813 764 2904 ingeniumet
775 2803 1236 2882 studialohannisSchos-
1285 2819 1475 2911 Speramus
1502 2837 1637 2907 autem,
1670 2848 1751 2893 eum
1783 2825 1919 2894 utiliter
1951 2823 2171 2898 serviturum
2209 2853 2285 2900 esse

242 2919 318 2996 scri
326 2915 551 3004 Aemiliani,
571 2917 702 3009 passim
715 2915 786 2986 viri
802 2913 898 2986 docti
912 2939 994 2985 cum
1010 2927 1145 2985 exstent
1160 2915 1235 2983 eius
1283 2920 1461 2993 Ecclesiae
1477 2921 1543 2993 Dei
1560 2938 1594 2994 er
1607 2923 1841 3015 Reipublicae
1855 2927 1892 2996 iu
1910 2951 2058 2997 ruuueee
2080 2929 2143 3019 piu
2162 2944 2199 3002 er
2217 2956 2281 3000 ue.

241 3026 406 3122 poiimata
420 3017 759 3114 praeclarescripbt,
782 3041 871 3111 quae
885 3019 1095 3102 ostendunt,
1121 3029 1154 3086 et
1169 3039 1234 3084 11³·
1286 3027 1435 3094 cessario
1460 3028 1640 3094 docendae
1661 3027 1866 3100 iuventutis.
1926 3027 2048 3116 Quare
2070 3053 2155 3100 etam
2181 3057 2280 3102 com·

244 3143 362 3203 turam
385 3127 460 3197 eius
481 3125 521 3194 in
544 3121 731 3192 scribendo
753 3120 912 3204 felicem,
937 3143 1064 3188 venam
1090 3141 1232 3189 suavem
1285 3130 1491 3197 mendamus
1514 3129 1712 3199 illustribus
1739 3123 1976 3226 Principibus
1992 3129 2278 3230 Hennedergen-

244 3247 279 3304 et
296 3233 463 3314 uberem,
487 3224 761 3298 etvoluntatem
779 3217 1063 3292 honestissimam
1082 3243 1175 3306 esse,
1200 3234 1233 3290 et
1283 3227 1407 3313 sibus,
1436 3254 1476 3299 ac
1508 3253 1583 3298 non
1618 3230 1840 3315 dubitamus,
1875 3255 1934 3302 eos
1963 3235 2184 3324 probaturos
2206 3259 2275 3306 esse

241 3349 365 3426 pectus
399 3331 611 3398 instructum
646 3324 849 3415 cognitione
888 3347 1008 3392 rerum
1048 3323 1234 3392 bonarum·
1284 3343 1445 3401 nostrum
1462 3334 1506 3400 de
1521 3333 1597 3422 ipso
1615 3333 1806 3418 iudicium,
1831 3333 1895 3404 ubi
1914 3358 2029 3404 moces
2053 3336 2160 3424 eius,
2185 3352 2215 3406 et
2231 3337 2263 3402 in

243 3436 334 3508 curu
351 3434 445 3504 cuim
460 3430 557 3514 sciat,
582 3451 693 3496 venae
708 3427 903 3496 bonitatem
915 3424 981 3495 Dei
998 3427 1131 3494 donum
1150 3446 1234 3509 esse,
1284 3434 1359 3522 ipsa
1384 3433 1568 3503 functione
1592 3433 1822 3520 industriam,
1859 3435 2080 3526 diligentiam
2105 3463 2151 3509 ac
2169 3439 2259 3507 idem

243 3537 430 3631 praecipue
443 3557 520 3602 eam
536 3533 581 3601 ad
604 3530 854 3600 celebrandum
870 3525 1002 3596 Filium
1017 3523 1085 3594 Dei
1107 3540 1234 3597 contu·
1284 3536 1525 3623 cognoverint.
1583 3533 1722 3607 Multae
1752 3559 1899 3626 magnae
1928 3538 2050 3607 resin
2076 3535 2269 3611 Germanis

243 3644 306 3726 lit,
332 3664 372 3710 ac
391 3636 520 3727 scripta
542 3635 587 3702 de
604 3630 784 3700 beneficiis
799 3629 874 3698 eius
889 3627 1018 3712 edidit,
1045 3651 1134 3720 quae
1157 3628 1234 3719 pias
1283 3638 1497 3726 gubernatae
1512 3650 1595 3708 erint
1609 3636 2275 3734 consiliisPrincipumldennebergen-

244 3741 476 3832 cogitationes
497 3735 536 3804 in
557 3733 757 3823 legentibus
770 3732 979 3804 accendunt.
1028 3727 1178 3820 Scripsit
1199 3744 1234 3800 et
1283 3738 1386 3807 sium.
1445 3733 1504 3808 Ad
1529 3739 1609 3808 illas
1630 3741 1752 3811 laudes
1777 3735 1846 3810 boc
1868 3743 1976 3812 decus
1997 3743 2153 3829 accedit,
2179 3745 2279 3838 quod

243 3842 496 3936 gratulationes
528 3838 573 3906 ad
604 3835 755 3926 patriam
781 3835 825 3902 de
852 3832 970 3901 reditu
1002 3829 1231 3900 illustrissimi
1284 3835 1352 3908 hue
1367 3838 1461 3909 eristi
1477 3853 1635 3930 tempure
1652 3856 1686 3913 er
1704 3841 1853 3933 ipsipie
1867 3843 2134 3934 ampieeruuaue
2153 3871 2280 3917 emm

243 3943 443 4035 Principis,
471 3937 583 4010 Ducis
606 3935 800 4016 Samnite,
825 3927 1015 4005 Iohannis
1037 3925 1233 4015 Frfdtt'l'cl',
1283 3943 1327 4010 de
1341 3939 1416 4010 Deo
1433 3942 1655 4029 doctrinam,
1680 3957 1811 4014 etcum
1827 3957 1921 4016 reete
1942 3945 2130 4032 invocant,
2156 3945 2283 4020 etEo-

243 4047 436 4130 Electoris,
460 4042 560 4113 cuius
575 4033 721 4109 historia
738 4050 883 4127 propter
897 4036 1026 4105 multas
1039 4057 1159 4105 causas
1176 4033 1233 4102 di·
1283 4043 1404 4113 clesias
1420 4055 1513 4114 recte
1533 4045 1651 4115 doceri
1673 4058 1818 4130 curant,
1841 4059 1877 4117 et
1899 4059 2021 4117 contra
2045 4050 2283 4143 tyrannidem

244 4176 313 4244 gna
339 4163 391 4220 est
411 4143 581 4216 memoria
602 4139 827 4231 posteritatis.
878 4135 970 4208 Nam
986 4150 1021 4207 et
1035 4136 1231 4207 constantia
1284 4159 1489 4217 constanter
1507 4159 1673 4228 tuentur,
1706 4160 1742 4218 et
1765 4159 1886 4218 tenera
1910 4149 2052 4240 ingenia
2077 4150 2284 4224 inventutis

243 4253 335 4326 tanti
344 4232 520 4338 Principis
535 4247 572 4314 in
589 4242 808 4312 confessione
824 4264 926 4309 verae
941 4239 1124 4309 doctrinae
1138 4239 1233 4308 mul·
1282 4249 1414 4339 optima
1430 4249 1592 4318 doctrina
1610 4249 1744 4319 erudiri
1759 4251 1991 4342 praecipiunt.
2023 4249 2095 4322 Pro
2113 4247 2184 4323 hac
2201 4255 2284 4347 pie·

244 4373 299 4428 tos
313 4354 392 4446 pios
407 4350 611 4430 confirmat,
636 4357 669 4414 ‘l
686 4343 885 4430 exemplum
899 4341 988 4410 mlle
1003 4354 1056 4410 eil
1071 4341 1232 4432 imiteris,
1283 4363 1354 4419 tate
1374 4363 1415 4420 ut
1439 4349 1593 4420 vicissim
1614 4349 1842 4442 Principibus
1858 4353 1932 4421 illis
1947 4349 2044 4422 Deus
2064 4355 2286 4441 benefaciat,

245 4474 279 4532 et
303 4451 536 4550 praesentiam
553 4445 622 4532 Dei
645 4446 683 4516 in
709 4440 947 4514 hisEcclesiis
965 4441 1069 4512 multi
1086 4456 1232 4512 eventus
1281 4475 1483 4543 precamur:
1534 4452 1626 4524 sieut
1657 4453 1848 4522 elementer
1878 4454 2041 4546 promisit
2074 4453 2286 4544 Dominus,

244 4559 448 4632 ostendunt.
498 4547 589 4622 Cum
612 4573 685 4618 non
708 4545 810 4639 pauci
833 4540 995 4614 homines
1010 4544 1121 4630 saevi,
1142 4569 1231 4638 quo·
1282 4555 1446 4623 cumaitt
1473 4552 1547 4643 Qui
1571 4555 1708 4625 dederit
1727 4569 1849 4646 potum
1874 4579 1987 4650 aquae
2010 4555 2076 4625 nni
2097 4581 2139 4626 ex
2162 4561 2284 4629 mini-

243 4687 324 4734 rum
346 4656 471 4749 magna
496 4651 653 4745 potentia
675 4663 710 4720 et
734 4647 924 4718 auctoritas
940 4661 1009 4727 0⁸1,
1035 4641 1232 4716 hortatores
1281 4655 1349 4724 mis
1370 4679 1532 4725 meorum
1555 4671 1700 4747 propter
1722 4657 1940 4741 doctrinam,
1969 4651 2117 4728 habebit
2138 4683 2285 4732 merce*

244 4775 377 4846 essent,
401 4773 443 4831 ut
457 4755 625 4846 Princeps
641 4751 917 4831 interficeretur,
934 4749 1119 4842 etaliOqui
1135 4747 1231 4818 vale·
1282 4759 1374 4830 dem.
1424 4752 1581 4828 Oramus
1603 4759 1707 4828 etiam
1723 4755 1858 4844 Deum,
1884 4773 1926 4828 nt
1944 4753 2041 4829 bunc
2056 4757 2281 4850 Magistrum

243 4867 331 4938 tudo
346 4860 456 4953 ipsius
470 4859 603 4928 incerta
619 4865 725 4924 esset:
750 4865 908 4922 servatus
932 4864 1005 4938 est,
1029 4863 1064 4922 et
1086 4849 1230 4920 tandem
1281 4851 1489 4926 Iohannem
1515 4851 1755 4929 Schosseram
1777 4875 1892 4932 servet
1915 4859 2131 4930 incolumem
2154 4879 2192 4936 et
2207 4887 2281 4955 gu·

243 4971 289 5039 iu,
315 4963 467 5057 patriam
498 4959 685 5039 remissus,
721 4954 984 5044 gratulantibus
1017 4949 1048 5022 ei
1075 4951 1231 5023 reditum
1281 4962 1424 5042 bernet,
1449 4973 1485 5032 et
1500 4961 1606 5032 faciat
1621 4965 1751 5042 σκεῦος
1765 4958 1903 5049 ἐλέους,
1929 4975 1963 5032 et
1980 4985 2153 5052 organum
2173 4967 2277 5036 salu-

243 5072 283 5140 in
297 5067 420 5138 multis
433 5061 608 5155 gentibus.
657 5053 754 5128 Hace
773 5079 888 5148 neque
910 5079 993 5128 casu
1015 5054 1230 5136 acciderunt,
1280 5075 1354 5133 tare
1369 5085 1452 5132 cuae
1464 5061 1604 5134 animae
1618 5077 1653 5136 et
1665 5061 1854 5135 Ecclesiae,
1912 5061 2148 5140 Detrectas,
2163 5065 2276 5138 Mur·-

241 5163 558 5266 nequehominum
573 5159 732 5234 consiliis
749 5171 942 5245 scissent,
965 5159 1026 5228 sed
1042 5180 1124 5228 vere
1146 5181 1230 5248 pro-
1279 5165 1341 5253 tii,
1368 5160 1477 5237 Anno
1495 5161 1607 5242 1555.

384 2443 520 2530 lensis,
543 2439 621 2540 piis
636 2437 865 2513 Lectoribus.
916 2439 956 2512 S.
981 2439 1022 2515 P.
1049 2437 1094 2512 Ι).

295 2588 400 2672 Quem
414 2586 548 2649 referunt
559 2583 664 2646 Musae
675 2631 684 2662 ,
710 2589 790 2645 viret
800 2629 809 2662 ,
834 2583 907 2644 dmn
918 2582 1027 2642 robora
1039 2584 1129 2644 tellus
1140 2627 1149 2661 ,

346 2689 431 2756 Dum
445 2691 565 2751 coelum
579 2689 696 2764 stellas,
721 2687 794 2746 dum
809 2685 898 2746 vehet
913 2687 1008 2746 amnis
1024 2705 1126 2768 aquas.

241 5332 462 5358 μ

277 5433 304 5496 1)
328 5424 391 5482 vid.
403 5421 572 5495 Epigramm.
585 5412 719 5476 Metuit.
734 5430 760 5484 p.
772 5412 815 5468 35.

273 5519 304 5587 2)
324 5503 669 5582 vuandelmarus
684 5498 769 5556 ΜΟ.
785 5495 879 5553 Martii
895 5496 972 5554 test.

1498 5332 1636 5410 Auctor
1651 5333 1773 5431 scripti
1787 5325 1977 5428 Philippus
1992 5329 2223 5408 Melantbon.
