4814 6172
133 293 214 374 263

133 482 252 540 autem
278 460 372 536 banc
385 465 584 540 doctrinam
601 464 787 562 quotidie'
777 492 816 538 ιιι
833 470 999 544 ardenti
988 490 1133 541 rnvoca·

133 573 235 642 tione
251 569 484 642 exercendam
499 586 583 644 csse.

238 723 310 799 Hic
322 746 404 792 cum
420 745 544 797 rursus
556 719 795 814 interrogaret
810 689 993 798 Ascaniusu
1002 727 1045 796 de
1060 690 1133 796 dis-

141 827 286 902 crimine
301 823 561 906 Personarum,
594 849 657 896 cur
682 827 776 915 filius
784 820 1133 924 tdyocmominetur,

144 930 243 1002 tertia
261 950 414 1020 persona
437 926 599 1018 spiritus,
632 929 1033 1018 graviteringemiscens
1048 922 1132 1000 Lu-

143 1023 264 1103 clerus
285 1027 474 1120 deplorare
488 1027 710 1100 calamitates
715 1025 895 1103 Ecclesiae
911 1031 1044 1122 coepit,
1071 1057 1132 1112 ue-

139 1150 229 1206 teres
250 1130 508 1202 controversias
534 1128 717 1220 repetivit,
743 1146 778 1202 et
792 1147 970 1204 execratus
987 1147 1037 1215 est
1053 1134 1132 1202 dia-

136 1232 275 1312 bolicos
296 1233 437 1304 furores
451 1229 690 1323 samosateni,
714 1229 793 1302 Arii
817 1245 851 1305 et
873 1235 1064 1310 similium,
1090 1259 1131 1304 ex

134 1338 273 1434 quibus
302 1346 379 1404 orta
407 1345 460 1404 est
482 1334 610 1404 deiude
631 1330 849 1425 blasphemia
876 1324 1130 1422 Mahoneetica;

133 1440 272 1514 deinde
293 1448 329 1506 et
345 1435 525 1532 querelam
541 1435 680 1506 addidit
695 1439 739 1506 de
755 1437 968 1527 negligentia
982 1439 1130 1531 scripto·

132 1565 217 1614 rum
241 1537 462 1621 recentium,
492 1536 531 1604 iu
555 1561 708 1630 quorum
731 1539 1033 1630 disputationibus
1048 1563 1131 1610 vere

66 1723 72 1744 ι
133 1641 204 1716 ¹¹⁰⁰
228 1639 379 1723 'endu'
417 1651 457 1708 ut
486 1638 588 1757 plum
614 1639 686 1710 ”nt
707 1633 877 1739 πάρεργα
900 1666 1007 1734 quam
1029 1639 1130 1737 ἔργα
1184 1670 1375 1763 rectissime
1407 1691 1570 1775 definire,
1611 1704 1788 1782 peecatum
1816 1713 1889 1762 esse
1920 1693 2094 1786 quidquid
2121 1704 2174 1762 est

132 1741 219 1829 Est,
251 1739 411 1862 iuquit,
422 1739 558 1808 filius
548 1755 682 1832 rutegra
713 1742 828 1832 imago
861 1745 994 1813 aeterni
1021 1759 1132 1836 patris

135 1842 199 1920 scal
212 1836 465 1960 ὗφισιιιμένη.
484 1835 633 1960 ,Λόγος
645 1856 762 1917 autem
778 1845 912 1915 dicitur
924 1846 1135 1924 narrantum

137 1949 221 2044 quia
248 1944 360 2066 patris
385 1965 459 2012 sese
482 1942 652 2015 intuentis
673 1945 884 2033 cogitatione
909 1949 1089 2036 genituse
1071 1959 1132 2030 est,

144 2050 204 2122 scd
224 2048 329 2118 etiem
354 2043 439 2138 quia
461 2067 524 2142 per
545 2069 626 2114 eune
649 2048 828 2116 decretum
847 2050 892 2118 de
911 2061 989 2120 toto
1005 2047 1132 2120 ordine

150 2149 328 2220 mentionis
350 2160 385 2216 et
409 2146 646 2218 restitutionis
669 2143 820 2218 humani
840 2151 977 2240 generis
1000 2151 1131 2220 dictum

151 2263 219 2322 est:
253 2245 367 2320 hicest
381 2247 528 2337 augelus
545 2249 660 2338 magui
678 2252 836 2338 consilii,
871 2253 1052 2344 proferens
1068 2254 1133 2320 ad-

146 2351 343 2422 mirandum
360 2363 394 2420 et
410 2370 579 2420 arcanam
597 2353 775 2424 decretum
790 2356 833 2424 de
850 2349 1133 2427 humanasalute

141 2478 181 2524 ex
202 2454 286 2528 sinu
306 2451 443 2521 aeterni
468 2451 598 2541 patris,
630 2467 732 2524 sonat
748 2480 869 2554 vocem
884 2451 1069 2575 Evangeli
1060 2483 1071 2524 1
1088 2454 1132 2526 ad

80 2637 84 2646 .
137 2553 258 2627 Adam
275 2565 310 2622 et
324 2551 475 2636 Hevam,
501 2566 615 2623 servat
630 2578 726 2624 nunc
740 2568 882 2651 qnoque
896 2558 1132 2630 ministerium

135 2653 348 2744 Evangelii,
380 2667 415 2726 et
438 2677 523 2724 voce
536 2649 723 2744 Evangelii
746 2658 833 2730 dicit
856 2661 1132 2730 consolationem

136 2760 175 2828 in
192 2757 378 2838 cordibus,
403 2768 578 2826 monstrat
590 2771 735 2846 patrem
760 2763 879 2834 reddit
891 2763 995 2830 nobas
1014 2761 1132 2840 vitam,

137 2875 173 2932 et
194 2857 447 2951 datlspiritum
471 2871 655 2944 sanctum,-
690 2859 752 2952 qui
777 2861 814 2930 in
839 2863 1006 2934 cordibus
1029 2863 1133 2932 laeti-

138 2963 250 3049 ciam,
283 2959 545 3036 invocationem
557 2957 602 3030 'et
617 2960 706 3030 alios
723 2961 809 3032 tales
827 2978 945 3034 motus
962 2963 1132 3044 accendit,

137 3061 301 3159 qnalis'
289 3083 366 3180 epse
392 3072 461 3146 est,
492 3063 589 3135 uude
616 3076 650 3134 ct
675 3059 830 3153 Spiritus
855 3066 1043 3157 appellatio
1071 3076 1133 3146 est,

137 3163 223 3260 quia
245 3163 350 3234 tertia
359 3164 554 3281 [persona
547 3164 596 3233 sie
616 3164 721 3236 uobis
741 3167 918 3255 patefacta
935 3181 1003 3250 est,
1036 3167 1143 3262 quod

138 3267 298 3339 divinos
309 3275 426 3334 motus
447 3265 486 3334 in
507 3267 614 3336 corda
635 3267 807 3348 accendit.
862 3267 904 3338 lu
928 3264 1018 3338 hauc
1036 3293 1133 3338 com·

136 3366 434 3490 memorationem
467 3366 644 3458 ingressus
668 3361 862 3443 lantherus
892 3371 1005 3442 multa
1039 3371 1132 3440 dicta

139 3471 350 3553 marcebat,
374 3461 444 3562 τὴν
466 3463 608 3563 ἀρχὴν,
633 3466 693 3542 ὅτι
706 3497 770 3544 και
758 3467 930 3547 lutui‘
907 3470 1040 3564 apim·
1046 3483 1080 3542 et
1094 3473 1131 3540 in

136 3573 334 3648 Salomone
344 3561 389 3638 de
404 3570 590 3670 sapientia:
621 3571 675 3642 fui
691 3595 771 3644 cnut
787 3598 828 3644 eo
839 3575 982 3662 arufex,
1007 3577 1133 3644 ludens
1210 3604 1215 3615 ·

138 3678 176 3746 ἰιι
204 3674 296 3744 orbe
321 3685 435 3748 terrae
466 3697 569 3756 suae,
608 3687 643 3746 et
666 3677 916 3748 delectationes
936 3701 1032 3746 meae
1053 3701 1133 3755 cum

134 3777 222 3850 titiis
237 3767 452 3848 hominum..
482 3727 581 3864 Quid
599 3777 739 3857 dulcius
752 3791 814 3868 cst,
841 3779 877 3848 in
881 3779 958 3873 quit
974 3773 1040 3850 hac
1054 3802 1134 3847 sen

135 3868 277 3952 tentia⁹
328 3871 383 3946 Do
402 3875 487 3946 filio·
500 3876 595 3946 enirn
617 3879 766 3964 dicitur,
791 3881 829 3950 iu
846 3905 918 3974 quo
932 3881 1133 3970 fulgetidea

139 3978 275 4074 opificii
294 3951 437 4059 mundi,
471 3989 506 4048 et
527 3979 646 4072 quise
663 3983 825 4078 patefecit
841 3977 1133 4072 geuerrhumano

141 4083 235 4155 edita
250 4101 355 4164 voce,
377 4075 472 4152 ludit
484 4076 658 4150 mirandis
671 4084 862 4174 operibus
852 4107 890 4152 ιιι
902 4083 1084 4154 'creatione
1100 4096 1133 4154 et

148 4183 185 4250 in
205 4176 404 4272 colligenda
421 4168 590 4264 Ecclesia.
639 4180 756 4273 Quale
780 4185 875 4254 euim
896 4183 1134 4276 spectaculum

151 4295 203 4355 eat
219 4277 375 4354 hominis
396 4281 580 4368 formatio,
611 4285 728 4378 qualia
751 4285 945 4378 spectacula
970 4297 1054 4355 sunt
1070 4287 1135 4354 ad-

148 4385 297 4478 sumpno
312 4397 460 4454 naturae
473 4379 669 4472 humanae,
700 4387 863 4465 liberatio
884 4381 1036 4457 Nohae
1025 4411 1063 4456 ru
1078 4386 1135 4454 di-

142 4487 259 4572 luvio,
282 4477 653 4580 populiinAegypto‚
677 4489 1135 4562 resuscitationesmortuo-

134 4615 219 4664 rum
240 4589 360 4662 etatis
376 4587 537 4689 miranda
551 4588 665 4660 facta?
716 4589 791 4662 lam
806 4586 874 4670 hoc
890 4586 1134 4662 dulcissimum

136 4705 212 4779 est,
245 4691 344 4800 qrrnd
371 4678 441 4774 ait,
478 4713 516 4760 se
541 4683 728 4764 hominum
755 4688 1010 4764 consuetudine
1036 4691 1134 4760 dele-

137 4793 241 4866 ctari.
279 4789 488 4868 Nobiscum
509 4791 626 4878 adest,
659 4795 794 4885 colligit
817 4809 852 4866 et
872 4805 989 4877 servat
1008 4789 1134 4864 Eccle-

136 4895 228 4968 siam
245 4917 332 4966 voce
346 4880 546 4984 Evangelii.

245 5039 351 5114 Talia
383 5053 485 5112 erant
510 5051 715 5162 argumenta
742 5039 972 5114 familiarium
998 5067 1134 5116 sermo-

714 293 1154 374 uetsrouauom
1206 293 1317 373 LlB.
1341 293 1426 371 xlt.
1481 289 1613 370 1⁶64.

2105 293 2180 372 ast

1185 469 1243 562 pia
1266 480 1365 553 vota,
1398 477 1431 536 et
1447 463 1524 538 Deo
1547 468 1677 557 gratias
1699 467 1821 558 agebat
1836 493 1915 539 cum
1934 493 1998 562 pro
2015 469 2095 541 aliis
2111 470 2175 542 be-

1130 565 1324 644 neficiis'
1339 577 1413 641 tuni
1435 571 1540 638 etiam
1565 593 1631 662 pro
1652 566 1748 640 hoc'
1737 572 1872 661 rugeuti
1886 594 2062 658 munere,
2077 575 2172 666 quod

1184 674 1344 764 depulsis
1356 671 1523 742 tenebris
1529 670 1723 762 Papisticis,
1748 687 1935 766 quaesunt
1952 671 2173 744 ethnicarum

1185 776 1335 859 similes,
1365 769 1522 844 reddidit
1543 773 1648 846 nobis
1664 771 1850 865 Evangelii
1867 776 1992 850 lucem.
2045 771 2175 860 Ionae,

1184 879 1261 946 viro
1286 875 1459 946 erudito
1448 890 1486 946 ut
1513 876 1675 947 doctriua
1691 873 1869 947 Ecclesiae
1889 891 1923 954 et
1946 878 1983 948 in
1997 878 2093 964 iure,
2117 877 2174 947 di·

1183 993 1291 1063 rerat,
1316 977 1431 1047 videri
1446 977 1514 1049 sibi
1530 974 1779 1075 rovrotoyfpv
1795 1003 1869 1048 esse
1884 980 1922 1048 in
1938 981 2073 1052 latina'
2063 993 2175 1050 ruter-

1166 1081 1379 1171 pretatione
1396 1079 1650 1148 inconcinnam
1661 1095 1695 1150 et
1710 1081 1924 1153 obscuram
1914 1102 1952 1150 ιιι
1969 1083 2084 1202 prima
2099 1081 2175 1174 epi-

1184 1183 1271 1254 stola
1288 1177 1483 1252 lohauuis'
1473 1205 1510 1249 ru
1527 1182 1640 1272 capue
1653 1182 1702 1250 8
1729 1195 1930 1272 peecatum
1923 1197 1972 1254 est
1990 1183 2174 1277 iniquitas.

1182 1283 1385 1374 Respondit
1402 1283 1523 1366 lonas,
1559 1285 1759 1374 interpretis
1777 1285 1990 1374 negligentia
2006 1285 2174 1355 eruditis-

1183 1387 1306 1459 simam
1340 1385 1583 1457 ‹lcfinitiouem
1615 1387 1835 1456 obscuratam
1861 1409 1945 1458 esse.
2003 1386 2052 1458 Ut
2078 1387 2173 1455 euim

1184 1485 1398 1580 privationes
1425 1487 1645 1556 definiuntur
1670 1487 1879 1572 collatione,
1912 1502 1951 1558 ut
1978 1513 2058 1560 cum
2084 1488 2173 1557 dici-

1184 1613 1262 1658 mus
1277 1591 1440 1660 tenebras
1457 1613 1529 1658 esse
1547 1589 1762 1680 privationes
1778 1589 1886 1675 lucis,
1910 1589 1959 1659 ita
1976 1585 2174 1660 Iohannem

1184 1794 1401 1864 contrarium
1419 1793 1498 1880 legi,
1523 1789 1546 1886 ἡ
1561 1787 1726 1886 ἁμαρτία
1742 1787 1841 1866 ἐστὶν
1857 1788 2006 1886 ἀνομία.
2038 1791 2173 1864 Norma

1184 1909 1237 1964 est
1266 1893 1420 1967 iustitiae
1449 1894 1505 1962 lex
1527 1895 1612 1982 Dei,
1645 1919 1733 1988 quae
1763 1909 1815 1963 est
1836 1896 2008 1986 sapientia
2032 1895 2069 1964 in
2093 1895 2173 1966 Deo

1184 2006 1323 2069 aeterua
1347 2009 1382 2065 et
1405 1996 1570 2076 immota,
1604 1998 1705 2066 euius
1726 1997 1818 2064 radii
1843 1995 2010 2068 transfusi
2031 2011 2113 2070 sunt
2135 1996 2173 2064 in

1184 2098 1372 2168 rationales
1386 2111 1581 2182 creaturas,
1608 2110 1641 2166 et
1656 2097 1799 2191 quaein
1815 2097 2098 2190 promulgatione
2114 2101 2176 2168 de-

1183 2195 1237 2270 eal
1240 2201 1297 2290 ogi
1319 2200 1464 2295 repetita
1488 2213 1548 2268 cst.
1600 2195 1787 2270 Contraria
1808 2195 1893 2271 huic
1910 2225 2056 2272 normae
2071 2215 2103 2270 et
2120 2223 2176 2270 sa-

1185 2301 1338 2395 pientiae
1370 2297 1452 2372 sua'e
1475 2297 1571 2370 Deus
1603 2302 1749 2371 damnat
1781 2309 1815 2372 et
1838 2316 1975 2392 peccata
2001 2303 2175 2384 nominat,

1185 2431 1223 2475 ac
1238 2417 1421 2496 propterca
1430 2403 1599 2474 sontibus
1614 2403 1779 2474 irascitur
1792 2417 1826 2472 et
1840 2428 1899 2474 eos
1914 2405 2075 2480 destruit.
2120 2401 2175 2474 Ac

1185 2519 1349 2600 apparet,
1388 2501 1584 2576 Iohannem
1614 2519 1750 2576 motum
1779 2529 1852 2576 esse
1876 2505 2020 2578 licentia
2038 2527 2176 2588 eorum,

1185 2609 1248 2703 qui
1263 2633 1303 2678 ex
1320 2609 1485 2698 gentibus
1495 2609 1540 2686 ,ad
1555 2605 1752 2678 Ecclesiam
1769 2610 1930 2678 conversi
1945 2621 2063 2694 erant,
2093 2607 2175 2700 qui·

1185 2715 1250 2780 bus
1265 2712 1484 2780 ostendenda
1496 2709 1565 2780 fuit
1579 2730 1718 2796 norma,
1742 2711 1838 2780 uude
1851 2710 2059 2794 iudicarent,
2085 2732 2176 2802 quae

1100 2833 1105 2842 ·
1184 2802 1277 2885 mala
1298 2811 1372 2880 sint
1394 2809 1503 2880 aDeo
1527 2812 1709 2897 damnata3
1743 2812 1887 2882 deducit
1910 2811 2019 2900 igitur
2041 2833 2106 2880 nos
2129 2811 2175 2880 ad

1183 2915 1316 3002 legem,
1341 2935 1485 3004 quarn
1464 2924 1557 2980 reete
1571 2913 1648 2982 vult
1662 2912 1826 3000 intelligi.
1877 2911 2126 2982 Delectabatur
2141 2925 2176 2980 et

1184 3010 1438 3103 similitudine,-
1469 3035 1577 3112 quam
1596 3011 1834 3084 recitabatD.
1854 3005 2100 3082 Pomerouus:
2134 3024 2176 3080 ut

1183 3140 1280 3189 annu
1281 3113 1338 3183 lus
1352 3137 1498 3209 magno
1495 3113 1699 3184 aestimatur
1717 3128 1752 3186 et
1768 3127 1905 3185 ematur
1919 3126 2064 3206 propter
2078 3135 2175 3204 gem-

1184 3242 1296 3298 mam,
1322 3217 1562 3300 adamantem,
1588 3229 1649 3286 aut
1665 3217 1906 3306 smaragdum,
1931 3239 2007 3284 non
2030 3226 2176 3306 propter

1184 3335 1344 3404 aurum,
1359 3318 1408 3387 sic
1428 3319 1580 3402 dicitur,
1610 3318 1679 3386 fide
1703 3319 1884 3391 iustificari
1906 3313 2070 3386 homines
2091 3340 2176 3409 pro·

1186 3435 1263 3513 pter
1283 3438 1477 3510 gemmam,
1510 3419 1622 3489 filium
1639 3416 1725 3506 Dci3
1752 3415 1843 3490 hane
1863 3433 1979 3492 autern
2001 3441 2175 3508 gemmam

1185 3526 1261 3597 fide
1275 3523 1534 3612 amplectimur.

1285 3621 1377 3699 Cum
1409 3617 1605 3697 Ioactimo
1645 3615 1865 3694 Camerario
1906 3622 2100 3694 disserebat
2131 3625 2176 3692 de

1185 3727 1347 3804 omnium
1369 3740 1522 3822 aetatum
1544 3721 1720 3810 historiis,
1751 3729 1795 3796 de
1811 3726 2043 3818 imperiorum
2058 3737 2176 3794 muta-

1185 3829 1343 3900 tionibus
1367 3841 1401 3898 ct
1423 3829 1579 3920 periodis
1600 3841 1635 3896 et
1658 3851 1777 3898 earum
1798 3827 1928 3913 causis,
1960 3828 2004 3896 de
2018 3826 2176 3897 motibus

1186 3931 1395 4000 coelestibus
1418 3943 1452 4003 et
1474 3933 1519 3998 de
1536 3929 1691 3998 siderum
1707 3929 1902 4002 effectione.
1951 3925 2065 4000 Multa
2084 3929 2177 3998 etde

1187 4027 1340 4150 phrasi'
1330 4053 1368 4098 ιιι
1394 4031 1495 4099 libris
1515 4030 1716 4119 apostolicis
1739 4031 1992 4101 sciscitabatur.
2042 4024 2114 4113 Ac,
2135 4042 2176 4098 ut

1186 4133 1287 4202 aiunt
1318 4128 1561 4202 Platonem
1533 4155 1582 4200 stc
1614 4154 1748 4201 amasse
1780 4125 2063 4230 γιωμολογικὸν
2088 4130 2176 4199 scri-

1186 4248 1299 4326 ptum,
1326 4255 1383 4302 cur
1373 4233 1523 4302 utulus
1538 4233 1622 4302 furt
1649 4227 1829 4326 Sophron,
1855 4245 1895 4304 ut
1909 4237 1975 4302 sub
1994 4230 2175 4302 culcitram

1186 4334 1385 4420 collocarit,
1414 4347 1454 4405 ut
1477 4335 1628 4405 inlecto
1651 4335 1756 4405 etiam
1773 4337 1817 4404 ad
1835 4357 1981 4404 manum
1996 4343 2099 4402 essct:
2125 4329 2176 4402 sic

1186 4433 1359 4506 Ascanius
1376 4437 1515 4507 amabat
1530 4437 1757 4508 Salomonem
1772 4451 1807 4507 et
1822 4435 2024 4517 Siracideu,
2049 4445 2083 4502 et
2099 4453 2176 4502 sae·

1187 4561 1231 4630 pe
1246 4538 1404 4619 dicebat,
1431 4561 1577 4628 gnomas
1594 4561 1666 4608 esse
1682 4539 1849 4608 eximium
1867 4529 2019 4632 ἐφόδιον
2034 4533 2072 4601 in
2088 4531 2174 4620 vita,

1187 4653 1222 4710 et
1244 4641 1350 4710 utiles
1371 4641 1725 4710 commonefactiones
1745 4641 1784 4707 in
1808 4639 1930 4707 multis
1947 4636 2175 4706 deliberatio-

1186 4741 1302 4812 nibus.
1369 4741 1463 4831 Quia
1489 4767 1575 4812 vero
1596 4735 1792 4811 Siracidae
1816 4739 1918 4808 lectio
1942 4737 2071 4830 passim
2095 4759 2174 4806 cor-

1185 4857 1290 4936 rupta
1324 4859 1396 4928 est,
1436 4845 1504 4914 fuit
1535 4839 1697 4914 hortator
1728 4833 1940 4925 Ioachlmo,
1978 4853 2020 4911 ut
2055 4840 2175 4911 ederet

1186 4947 1417 5018 emendatam.
1469 4944 1580 5037 Saepe
1601 4958 1635 5016 et
1657 4948 1701 5014 de
1718 4942 1899 5012 sententiis
1918 4941 2079 5012 obscuris
2094 4965 2173 5010 cum

1186 5071 1227 5117 eo
1243 5047 1462 5140 disputabat,
1488 5059 1528 5116 ut
1543 5071 1622 5116 curn
1638 5047 1676 5115 in
1691 5045 1802 5136 capite
1817 5045 2089 5134 qrradragesimo
2099 5041 2174 5134 pri-

139 5169 248 5232 num,
276 5142 414 5238 quoties
437 5139 477 5212 hi
501 5143 570 5211 virr
558 5141 864 5230 conveniebant,
890 5169 1042 5240 quorum
1061 5159 1135 5217 erat
1184 5173 1243 5218 mo
1271 5149 1420 5218 dicitur.
1460 5141 1677 5244 φύλαξον’
1656 5141 1730 5218 απὸ
1754 5150 2009 5266 cappamque&
2031 5138 2173 5238 ληψειιις

141 5247 305 5322 Ascanus
326 5255 496 5338 tauquam
520 5239 781 5342 ἀγωνοθέτης,
820 5263 981 5319 necerat
1003 5243 1135 5345 κωφὸν
1185 5245 1249 5321 καὶ
1263 5243 1410 5329 doceor
1461 5246 1687 5339 Aenigmata,
1711 5249 1848 5343 inquit,
1870 5250 1959 5338 lego,
1983 5259 2017 5318 et
2033 5247 2172 5337 petebat

140 5343 339 5446 προιαιπον
346 5397 359 5432 ,
392 5347 453 5418 sed
468 5369 573 5416 suum
590 5345 761 5416 iudicium
777 5348 914 5418 erudite
930 5351 975 5418 de
992 5365 1135 5422 contro·
1186 5351 1458 5424 enarrationem.
1493 5349 1564 5421 Hic
1582 5345 1782 5422 loachrmus
1796 5352 1847 5421 art
1860 5351 1991 5422 facturn
2006 5369 2079 5418 esse
2092 5369 2172 5416 ver
2238 5369 2244 5380 ·

142 5453 267 5526 versiis
291 5463 327 5522 et
350 5449 395 5518 de
417 5447 702 5520 enarrationibus
719 5449 893 5536 addebat,
917 5449 1086 5524 miscebat
1102 5465 1136 5524 et
1183 5453 1271 5523 burn
1293 5453 1339 5524 nb
1360 5449 1486 5542 adagio
1508 5444 1603 5534 ις’
1559 5477 1739 5552 κορακας,
1763 5467 1797 5526 et
1818 5453 1957 5538 iubere,
1982 5450 2172 5520 cavendam
