4808 6176
143 283 220 360 438

243 445 313 506 mise
333 445 381 501 illo
403 451 526 516 tempore
538 440 590 496 luit
603 439 771 510 stanislsus,
789 441 891 497 Comes
909 439 936 496 in
951 437 1062 508 Gorlrs,
1080 437 1131 494 Cs-

245 515 375 573 stellsnns
391 513 555 568 Breestensis
568 521 594 565 et
608 511 770 582 capitaneus
788 511 943 569 Buscensis.

296 666 431 744 Rector
456 663 678 742 Academiae
709 665 752 742 V
747 666 994 766 itabergensis.

141 815 238 900 Vita
256 827 361 916 lugax
376 819 564 893 hominurn
590 833 659 906 est,
679 844 889 912 magnorum
913 821 1017 913 plena
1033 820 1136 890 dolo-

141 957 236 1003 rum.
288 923 335 998 Et
353 939 469 996 tamen
492 927 579 994 adeo
597 923 703 994 ferrei
724 938 807 994 sunt
827 923 937 994 animi
962 923 1135 1016 plurimo-

143 1057 223 1106 rum
238 1026 450 1114 bominum,
476 1041 516 1098 ut
531 1051 577 1096 ne
593 1025 737 1122 quidem
752 1039 849 1098 tanta
875 1025 969 1096 mole
991 1025 1135 1096 calami·

144 1151 258 1212 tatum
279 1129 523 1202 communium
546 1141 580 1199 et
601 1129 817 1220 privatarum
841 1142 1070 1212 moveantur,
1096 1140 1137 1200 ut

144 1243 190 1311 de
207 1235 341 1320 causis,
363 1231 531 1303 videlicet
547 1233 591 1300 de
608 1231 658 1299 ira
678 1227 763 1317 Dei,
778 1231 930 1318 cogitent
946 1246 980 1302 et
995 1231 1148 1300 ilectant'

146 1342 286 1414 animos
306 1337 350 1406 ad
375 1335 552 1426 pictatem.
610 1331 731 1422 Quare
753 1335 889 1404 muodo
910 1333 1137 1404 cumulantur

144 1463 292 1540 poenae.
347 1433 399 1507 Ac
415 1438 508 1506 iuter
523 1430 585 1504 has
601 1436 664 1504 etsi
680 1431 836 1505 Ecclesia
854 1460 934 1506 suas
952 1435 1058 1506 etiam
1077 1459 1136 1503 ae-

146 1565 295 1618 rumnas
314 1539 467 1610 sustinet
486 1550 631 1630 propter
651 1538 780 1608 matos
796 1562 933 1608 causas:
961 1552 1078 1608 tamen
1103 1550 1137 1607 et

144 1644 406 1738 mitigationem
423 1639 548 1720 sentit,
571 1653 605 1710 et
631 1639 735 1710 multi
753 1641 839 1710 iusti
860 1647 973 1712 mone
999 1639 1135 1732 praeri-

144 1753 314 1846 piuntur,
339 1769 385 1813 ne
399 1743 545 1813 videant
561 1741 802 1832 impendentes
821 1743 978 1835 publicas
994 1769 1137 1838 poenas.

147 1849 328 1925 Scribitur
351 1843 469 1916 Maria
494 1857 617 1930 ,mater
635 1839 767 1914 Christi
791 1845 977 1916 decessisse
1008 1873 1049 1916 ex
1073 1843 1138 1917 hac

150 1957 222 2024 vita
243 1975 338 2022 anno
361 1948 485 2018 aetatis
509 1969 592 2015 suae
614 1944 677 2020 69.
732 1945 864 2017 vixisse
889 1948 999 2039 igitur
1019 1951 1138 2020 existi-

154 2069 269 2126 matur
294 2051 433 2122 circiter
454 2071 568 2118 annos
598 2063 729 2139 septem
754 2065 939 2143 postquam
974 2051 1068 2122 lilius
1097 2078 1138 2122 ex

706 267 1168 356 EPISTULARUM.

1199 265 1312 344 nra.
1336 263 1421 343 xrs.
1476 259 1608 344 sess.
1635 205 1643 222 ’
2102 258 2180 338 cst

1236 447 1306 514 Hos
1320 453 1433 512 mirum
1448 446 1557 513 {herlus
1573 467 1690 530 semper
1705 466 1790 508 mens
1805 447 1933 528 rogitet,
1959 465 2022 508 nno

1290 551 1359 616 Hoc
1373 567 1437 626 est,
1464 553 1502 614 ne
1518 551 1641 629 dubita,
1666 549 1787 612 lbedere
1804 565 1888 632 perta
1901 553 1992 614 estus.

1186 680 1385 752 Hortamur
1399 694 1516 750 autem
1533 672 1788 762 scholasticos,
1812 689 1854 748 ut
1875 679 1918 746 ad
1939 677 2048 746 tonos
2069 671 2177 746 bodie

1188 778 1276 855 hora
1297 797 1421 878 quarta
1445 797 1527 854 ante
1550 784 1653 850 aedes
1676 779 1838 870 Magistri
1856 773 2061 870 Memini,
2085 789 2178 872 'qum

1188 889 1330 958 suntad
1350 887 1483 956 vallum
1499 884 1585 953 sitae
1602 884 1638 951 iu
1658 883 1791 974 platea,
1817 907 1907 976 quae
1929 905 1950 954 a
1971 881 2087 972 figulis
2111 905 2175 950 no·

1188 1013 1271 1060 men
1286 985 1411 1074 habet,
1427 985 1661 1066 conveniant,
1679 999 1713 1054 et
1730 986 1768 1054 in
1783 979 1850 1056 hoc
1864 1007 2054 1076 congressu
2072 983 2179 1053 etiam

1188 1117 1225 1162 se
1254 1094 1298 1162 ad
1323 1092 1561 1184 precationem
1588 1087 1719 1178 singuli
1745 1087 1938 1158 exuscitent
1967 1087 2179 1177 cogitatione

1188 1195 1430 1266 communium
1456 1206 1491 1263 et
1513 1190 1734 1283 privatorum
1760 1190 2011 1281 periculorum.
2070 1184 2180 1258 Anno

1191 1293 1300 1370 1555.
1328 1298 1387 1366 die
1421 1299 1477 1368 17.
1502 1293 1710 1380 Februarii,
1744 1293 1856 1384 pridie
1885 1292 1962 1361 eius
1985 1290 2075 1376 diei,
2107 1315 2178 1382 quo

1188 1414 1398 1496 anteannos
1416 1399 1440 1468 9
1456 1396 1689 1470 Reverendus
1711 1396 1784 1479 vir,
1809 1395 1978 1464 dominus
2000 1389 2046 1466 D.
2062 1385 2180 1462 Mar-

1189 1501 1291 1573 tinus
1314 1493 1505 1570 Lutlseras
1529 1522 1571 1570 ex
1593 1491 1657 1568 bac
1678 1495 1821 1569 mortali
1844 1497 1916 1566 vita
1932 1509 2098 1566 evocatus
2118 1506 2181 1577 est,

1189 1605 1290 1688 cuius
1314 1617 1464 1675 mortem
1486 1623 1593 1696 quam
1616 1601 1729 1672 multa
1746 1599 1864 1670 subita
1886 1611 1921 1669 et
1937 1619 2065 1687 magna
2087 1595 2182 1666 mala

1190 1721 1307 1779 secuta
1336 1707 1424 1790 sint,
1450 1699 1690 1797 prohdolor,
1720 1723 1777 1770 res
1803 1701 1878 1792 ipsa
1905 1699 2072 1770 ostendit.
2123 1695 2184 1768 si-

1189 1834 1269 1882 mus
1284 1808 1392 1900 igitur
1407 1829 1580 1877 memores
1597 1805 1698 1876 dicti:
1726 1816 1843 1888 orate,
1869 1815 1912 1874 ut
1928 1801 2070 1894 possitis
2092 1799 2184 1870 effu·

1189 1937 1270 2005 gere
1287 1911 1467 1983 venientes
1483 1908 1710 1982 calamitates.

161 2169 272 2226 morte
290 2152 426 2225 revixit.
481 2149 580 2220 vidit
602 2161 637 2219 et
655 2153 864 2240 gubernavit
887 2153 987 2224 initia
1013 2151 1139 2226 Eccle-
1192 2166 1227 2176 ““’

164 2257 255 2341 siae,
285 2255 405 2324 deinde
427 2278 506 2323 cum
530 2265 564 2322 et
586 2251 695 2320 sames
722 2254 758 2322 in
778 2251 861 2324 Asia
884 2269 916 2326 et
942 2257 979 2326 in
993 2253 1139 2350 Europa

158 2369 350 2450 grassatura
372 2367 479 2439 esset,
506 2368 540 2424 et
563 2355 602 2422 in
630 2351 757 2424 ludaea
778 2358 884 2428 motis
903 2359 1141 2430 seditionibus

155 2459 260 2532 multi
276 2459 367 2530 cives
385 2455 683 2542 interficerentur,
708 2472 742 2529 et
758 2455 937 2532 Ecclesiae
953 2463 1140 2556 praecipua
1158 2479 1160 2486 '

152 2587 235 2658 pars
259 2555 488 2632 Antiochiam
514 2557 713 2651 migrasset,
747 2559 840 2652 ipsa,
874 2588 918 2633 ne
954 2543 1160 2656 spectatrix¹

152 2678 243 2736 esset
260 2687 381 2732 eanum
397 2660 652 2742 calamitatum,
680 2687 720 2732 er
738 2658 802 2732 bac
818 2666 955 2736 mortali
972 2668 1043 2740 vita
1058 2693 1140 2738 evo-

153 2785 230 2840 cata
246 2780 306 2840 est.
333 2763 586 2856 Nuncquoque
603 2764 640 2832 in
648 2761 834 2834 Pannonia
850 2791 949 2838 saeva
965 2769 1141 2861 luesgras-

153 2885 274 2952 satur,
309 2879 350 2937 ut
376 2865 426 2958 pii
447 2865 600 2937 turcicae
624 2867 807 2960 tyrannidi
829 2869 1038 2960 eripiantur.
1091 2870 1143 2942 Ac

153 2969 234 3042 heri
257 2965 405 3039 honesta
431 2992 470 3036 ac
495 2967 552 3058 pia
576 2981 737 3036 matrona
768 2969 805 3036 in
834 2971 1058 3042 invocatione
1079 2973 1143 3042 filii

152 3073 222 3146 Dei
246 3072 386 3142 assidua
410 3071 576 3154 decessit,
601 3065 724 3154 Heca,
758 3084 838 3140 nata
863 3073 901 3140 in
925 3075 1058 3144 familia
1077 3069 1145 3144 ho-

154 3161 553 3254 nesta'tttanstetdensi‚
579 3171 735 3240 coniunx
758 3173 826 3242 viri
850 3167 987 3245 honesti
1011 3191 1045 3248 et
1064 3202 1146 3246 eru-

156 3277 243 3360 diti,
271 3273 433 3364 Magistri
451 3267 639 3341 Mauritii
651 3267 826 3368 Heiling‚
851 3301 941 3370 quae
963 3303 1043 3348 cum
1068 3281 1164 3350 fue»

155 3381 207 3452 rit
221 3377 361 3468 insigne
374 3375 571 3466 exemplum
592 3375 669 3466 piae
685 3391 866 3447 matronae
887 3395 921 3451 et
935 3381 1063 3452 iuverit
1077 3377 1148 3452 Ec-

157 3479 304 3552 clesiam
333 3478 540 3547 ardentibus
568 3479 680 3561 votis,
715 3479 896 3551 doleamus
922 3506 996 3552 non
1032 3480 1147 3554 solum

156 3594 308 3678 propter
321 3578 436 3650 mariti
454 3593 488 3650 et
503 3579 635 3649 sobolis
653 3581 853 3667 orbitatem,
866 3587 927 3653 sed
945 3586 1049 3656 etiam
1067 3611 1150 3678 pro-

156 3701 240 3780 pter
253 3705 336 3765 nos,
362 3679 502 3774 quitali
527 3681 618 3750 socia
643 3707 746 3752 verae
769 3683 1004 3758 invocationis
1027 3689 1063 3758 in
1085 3684 1151 3759 hac

157 3785 298 3858 visibili
322 3779 480 3854 Ecclesia
502 3783 616 3854 orbati
639 3807 781 3872 sumus,
820 3801 855 3856 et
880 3805 1077 3862 metuamus
1101 3815 1140 3861 ea

160 3911 253 3986 qsrae
271 3886 489 3978 impendent.
524 3883 614 3956 Nam
635 3888 766 3958 mstltae
781 3889 1054 3980 significationes
1072 3918 1153 3964 rur-

161 4013 222 4062 sus
237 3985 305 4060 boc
319 4009 414 4056 anno
430 3987 544 4058 tristia
565 3989 658 4057 bella
675 3990 874 4076 minantur,
900 3993 936 4062 in
960 3995 1091 4088 quibus
1115 4011 1155 4067 ut

2025 2329 2084 2391 17.
2100 2322 2186 2384 Febr.

2017 2412 2188 2438 m

1192 2331 1258 2404 Nu.
1275 2275 1390 2402 5740i

1201 2427 1373 2456 Μ

1341 2550 1510 2638 Ioanni
1538 2542 1736 2634 Albertu
1768 2540 1893 2628 Duri
1922 2537 2052 2648 Meg.

1264 2731 1286 2798 τ
1313 2726 1349 2780 Es
1364 2721 1532 2796 autographo
1553 2723 1581 2774 in
1595 2715 1726 2773 stulsr.
1746 2710 2051 2835 earet-Megapolitan
2080 2705 2191 2762 Suerini

1296 2794 1430 2866 descripta
1446 2815 1460 2846 s
1479 2789 1606 2846 tabularii
1625 2785 1765 2860 praelecto
1779 2784 1892 2836 Clsrrss.
1934 2795 2007 2836 uere.

1197 2945 1461 3024 lilastrissimo
1504 2933 1674 3036 Principi
1712 2957 1757 3006 ne
1795 2927 1983 3016 Domino,
2022 2923 2193 2999 Domino

1198 3053 1224 3126 I
1239 3079 1260 3123 o
1276 3053 1303 3122 b
1320 3076 1344 3120 a
1362 3074 1387 3118 n
1403 3045 1459 3118 ni
1483 3041 1519 3114 Α
1534 3041 1551 3115 I
1563 3041 1585 3114 b
1602 3065 1618 3112 e
1636 3066 1654 3109 r
1669 3047 1717 3109 to
1743 3034 1849 3106 Daci
1863 3027 2193 3128 Megnlburgensi,

1197 3149 1369 3252 Principi
1385 3147 1507 3246 gentis
1531 3145 1706 3222 Henetus,
1732 3135 1904 3221 Semini,
1932 3127 2194 3228 Stargardiae,

1224 3267 1255 3332 et
1271 3245 1499 3328 Rostochiae
1516 3259 1576 3324 etc.
1608 3239 1779 3344 Principi
1790 3265 1858 3311 suo
1875 3233 2168 3311 cleruentissimo.

1201 3403 1251 3492 S.
1277 3407 1321 3485 D.
1385 3401 1628 3476 lllustrissime
1657 3411 1691 3468 et
1710 3389 1993 3464 Clementissime
2016 3385 2196 3476 Princeps.

1202 3515 1378 3590 Omnium
1403 3509 1577 3578 virtutum
1601 3498 1821 3572 intellectum
1846 3490 1944 3562 Deus
1967 3487 2099 3558 indidit
2125 3481 2196 3554 hu·

1203 3619 1319 3690 nranis
1345 3611 1545 3690 mentibus,
1597 3620 1639 3676 ut
1660 3602 1812 3672 sciamus
1842 3608 1876 3664 et
1896 3596 1991 3686 quod
2019 3591 2064 3660 sit
2088 3586 2197 3669 Deus,

1205 3739 1236 3792 et
1256 3719 1372 3815 qualis
1388 3717 1453 3794 sit,
1478 3725 1515 3782 et
1530 3709 1773 3778 discernamus
1789 3721 1869 3768 eum
1890 3721 1910 3764 a
1929 3693 2032 3764 malis
2048 3689 2197 3760 naturis.

1143 3847 1153 3878 ²
1206 3823 1364 3898 Maxime
1386 3840 1470 3886 vero
1492 3813 1632 3882 illustre
1652 3804 1844 3876 discrimen
1865 3793 2136 3876 iacit-Castitas,
2163 3804 2198 3860 et

1204 3924 1292 3998 haec
1325 3937 1365 3993 ut
1393 3916 1668 4002 intelligeretur,
1698 3902 1814 3976 sanxit
1838 3899 1997 3984 coniugii
2020 3897 2129 3984 leges,
2164 3905 2198 3962 et

1208 4053 1265 4099 eas
1285 4018 1505 4095 seuerissime
1522 4013 1654 4102 flagitat
1671 4021 1707 4080 et
1720 4002 1888 4078 defendit.
1940 3998 2062 4088 Quare
2087 3995 2198 4086 pietas

164 4103 324 4212 protegat
338 4089 476 4181 aliquos
492 4111 573 4158 suos
589 4103 708 4160 coetus
724 4087 829 4161 iubis
841 4095 1046 4186 regionibus
1062 4096 1155 4168 lilius
1206 4122 1439 4202 celsitudini,
1453 4130 1588 4188 vespm
1605 4110 1681 4184 Deo
1701 4106 1871 4180 castigaris
1894 4115 1930 4172 et
1944 4101 2106 4170 omnium
2125 4096 2199 4164 vir-

167 4191 249 4276 Der,
285 4205 362 4263 toto
389 4203 633 4309 eumupectore
659 4217 813 4312 opamus.
870 4189 1037 4268 Extrema
1069 4193 1155 4269 haser
1187 4247 1324 4303 ,mmm
1342 4222 1434 4296 pomp
1449 4233 1547 4310 grapa
1565 4229 1629 4300 ω,
1649 4213 1744 4307 quod
1763 4209 1800 4278 i„
1819 4203 1986 4294 coniugio
2004 4213 2099 4272 casto
2114 4199 2200 4268 obe-

164 4311 263 4418 aetas
284 4293 498 4412 estmunds,
516 4317 607 4412 'non
630 4309 785 4388 qmetror
808 4320 911 4395 quam
936 4313 1011 4369 erat
1033 4301 1157 4394 politia
1209 4336 1287 4406 dire
1311 4331 1386 4399 eius
1410 4324 1549 4414 legibus
1565 4317 1722 4390 decrevit
1736 4305 1792 4404 a),
1818 4323 1852 4379 ep
1872 4329 1975 4398 ,pero
1990 4327 2071 4372 eum
2097 4299 2200 4369 celsi,

163 4399 304 4520 ¹¹.¹d³¹⁶³
321 4419 413 4514 mica
430 4391 569 4464 Manae
594 4411 771 4516 mimm'.
806 4395 903 4468 Haec
920 4399 1075 4492 ingentia
1096 4429 1157 4496 l'e‘
1209 4433 1326 4508 tudini
1346 4442 1480 4499 vestrae
1495 4425 1661 4494 daturu'm
1677 4414 1785 4487 foelix
1804 4411 1896 4480 vitae
1918 4403 2136 4476 curriculum
2167 4412 2202 4470 et

161 4499 503 4620 riculaucogrtemus,
522 4509 664 4616 etmerrs
680 4499 870 4588 gemitibus
882 4527 1022 4574 oremus
1031 4503 1158 4592 Deum,
1209 4541 1362 4610 faustum
1379 4527 1613 4615 Coniugium,
1638 4533 1674 4591 eg
1699 4531 1738 4587 ug
1758 4514 1892 4585 [ribuar
1915 4504 2000 4578 haec
2022 4518 2097 4575 toto
2120 4527 2200 4572 eum

162 4617 259 4724 nrm
277 4623 329 4669 rra
346 4599 607 4668 misericordiae
622 4623 706 4718 strae
727 4625 865 4672 memor
884 4603 947 4684 sit,
975 4619 1010 4676 et
1027 4633 1158 4700 poenas
1212 4654 1351 4733 pectore
1373 4658 1450 4705 oro·
1502 4615 1850 4700 placepmihiesiam
1876 4609 2032 4680 studium
2049 4605 2205 4698 piorum,

161 4713 324 4794 mitiget,
348 4716 382 4772 et
398 4713 526 4791 ,parcat
546 4703 668 4786 nobis,
694 4704 757 4823 qui
778 4704 816 4774 in
837 4705 910 4775 filio
930 4707 1055 4779 foedus
1076 4711 1159 4782 lecit
1208 4705 1274 4838 'qui
1290 4738 1430 4830 scripti,
1446 4731 1638 4806 ostendum
1654 4747 1691 4792 κ
1707 4723 1819 4791 fausta
1839 4709 1974 4806 precari
1988 4705 2204 4780 Celsitudini

165 4832 249 4880 ‘¹¹⁰¹
263 4817 390 4923 ”illm
414 4797 587 4884 humanis
613 4827 720 4895 ‘luam
747 4807 826 4876 “¹⁸⁰
846 4808 941 4878 55⁰³
961 4815 1159 4906 ³⁸⁸⁰¹¹¹P⁸lls
1212 4860 1345 4917 vestrae
1392 4863 1462 4932 quo
1489 4813 1832 4902 innumeroestlsic
1854 4807 2082 4886 Valentinus
2102 4799 2204 4878 Cur-

164 4935 214 4982 ne
244 4919 387 5000 penitus
408 4903 586 5022 deleretur
608 4927 718 4995 genus
745 4901 940 4980 humanum
965 4937 1006 4982 ac
1028 4914 1159 5008 singuli
1212 4945 1287 5017 ἰὼ,
1320 4896 1424 5013 m’pu,
1456 4923 1690 5009 Rosgocffiae,
1723 4921 1819 4994 filius
1851 4909 2051 4986 Valentini
2079 4901 2207 4980 Curtii

164 5006 649 5086 bantcommoueiactronem
664 5029 766 5099 saepe
783 5011 991 5101 cogitemus:
1212 5049 1281 5118 viri
1304 5040 1446 5116 honesti
1469 5037 1503 5107 ep
1525 5027 1720 5123 ingeniosi,
1756 5018 1990 5112 gubernanti,
2010 5011 2205 5086 Ecclesiam

219 5149 273 5215 Nil
289 5167 375 5226 sums
399 5149 482 5208 nulls
495 5148 585 5210 miser
599 5149 673 5208 novi
687 5151 811 5228 soletis,
836 5173 963 5215 masam

274 5249 446 5318 Humanam
461 5253 519 5312 nisi
536 5251 619 5334 quod
632 5265 666 5313 tu
681 5271 804 5337 qunque
822 5252 943 5318 Christe
957 5259 1046 5339 geris.

223 5353 275 5419 Tu
289 5375 337 5414 me
352 5363 490 5416 sustenta.
500 5353 656 5434 tingitani,
682 5365 718 5418 tu
736 5353 853 5422 Christe
867 5360 1017 5440 gnbmne,

276 5453 336 5518 lien
351 5467 385 5518 ut
400 5457 457 5518 siut
471 5476 583 5516 messae
602 5460 739 5521 sursnlne
752 5462 818 5542 ipse
830 5472 912 5524 tute.

168 5553 478 5626 Mressrnflm.
505 5553 589 5622 Vos..
604 5554 695 5622 Vlll.
