4808 6176
173 243 177 252 '
215 274 305 376 tas
768 263 1208 348 rrrsrooanon

218 447 368 537 citer-et
397 448 475 518 sine
500 445 741 538 ambignitate.
800 439 965 537 Eumque
994 433 1209 536 laborem')

217 530 423 640 delier·e‚me
441 549 520 621 Deo
544 565 577 619 et
603 548 780 620 Ecclesiae
804 547 934 618 iudico.
986 544 1058 614 Nec
1081 545 1118 612 in
1143 539 1210 612 hac

219 666 355 720 senecta
382 654 591 740 pertimesco
614 650 717 718 exilia
741 663 777 718 et
801 649 869 716 alia
897 647 1062 740 pericula.
1113 643 1211 714 Bene

219 766 253 822 et
269 753 419 824 feliciter
435 755 524 828 vale.
576 749 643 820 Die
662 753 720 824 12.
734 747 837 823 Maii.

912 863 1110 958 Philippus.

218 1107 423 1120 ’-μω-ιι...

233 1267 299 1342 No.
317 1265 433 1340 5784.

1052 1281 1110 1343 18.
1129 1273 1215 1336 Maii.

231 1369 443 1404 m
1052 1365 1215 1392 φη..

576 1465 687 1582 Cpr.
712 1467 861 1554 Libia.

289 1649 310 1713 l·
327 1643 363 1701 Rs
376 1661 470 1717 apogr.
483 1643 511 1698 in
525 1641 588 1698 code
601 1639 688 1696 Paris.
703 1639 744 1698 D.
756 1642 790 1696 1..
801 1639 863 1696 54⁸.

236 1767 608 1907 :Christopdoro
635 1799 795 1892 Libia,
821 1801 975 1880 Pastori
989 1807 1180 1884 Ecclesiae

475 1993 478 2000 Ι
513 1903 913 2004 brandenburgensis.

224 2065 275 2164 S.
304 2075 347 2151 D.
399 2075 610 2148 Reverende
624 2079 680 2148 vir
698 2091 732 2149 et
747 2079 864 2152 cariss.
880 2080 999 2153 frater.
1041 2075 1148 2152 Edita
1166 2096 1217 2150 est

225 2174 387 2248 Sledoni
406 2173 566 2248 historia
589 2183 632 2248 dc
653 2181 864 2270 germanicis
880 2181 1054 2263 motibus,
1081 2179 1217 2274 quibis

224 2281 370 2370 triginta
394 2287 498 2350 annis
523 2284 732 2365 extiterunt,
763 2307 803 2351 ac
824 2283 1011 2372 praecipue
1031 2285 1075 2349 de
1092 2281 1217 2350 Eccle-
1292 2314 1300 2329 ·

226 2385 358 2453 siarum
385 2383 654 2455 mutationibus.
714 2383 824 2452 Liber
846 2383 1027 2452 dedicatus
1051 2397 1103 2450 est
1125 2383 1216 2453 Duci

225 2483 400 2556 Saxoniae
418 2480 585 2576 Angusto
601 2477 679 2575 “),
712 2485 775 2574 qni
794 2483 890 2552 misit
905 2483 1069 2571 scriptori
1085 2485 1218 2553 ducen-

225 2597 282 2656 tos
304 2580 547 2655 loachimicos.
607 2583 872 2654 Liberalitatem
906 2584 1077 2674 principis
1099 2585 1218 2668 laudo,

227 2687 289 2756 sed
308 2681 496 2753 historiam
514 2709 586 2752 non
601 2683 727 2767 laudo,
752 2685 835 2775 quia
851 2680 926 2756 ἀπὸ
948 2681 1069 2781 ἔργων
1086 2683 1131 2757 οὐ
1150 2711 1219 2758 κα-

228 2789 305 2857 λῶν
320 2781 389 2856 οὐκ
403 2782 503 2855 ἔστιν
518 2782 585 2877 ἔπη
599 2777 707 2856 καλά.
752 2784 868 2856 Multa
882 2801 1013 2870 narrat,
1039 2811 1128 2878 quere
1143 2812 1219 2858 ma-

227 2887 292 2956 lim
309 2887 436 2956 obruta
460 2909 533 2954 esse
549 2901 691 2956 aeterno
715 2887 869 2960 silentio.
919 2886 960 2957 si
980 2888 1077 2958 voles
1100 2889 1219 2960 videre

226 2989 384 3070 librum,
416 2981 486 3055 buc
498 2989 541 3055 ad
560 3011 625 3056 nos
640 2987 771 3062 venias.
810 2987 901 3057 Nam
915 2991 1009 3078 apud
1024 3013 1085 3060 vos
1102 3014 1217 3060 exem-

229 3091 330 3180 plum
356 3110 432 3155 non
456 3081 577 3157 haberi
605 3087 776 3163 existimo.
828 3087 914 3158 Tria
939 3091 1040 3158 vobis
1061 3093 1218 3184 exempla

229 3189 334 3258 mitto
351 3183 651 3260 Enarrationum
675 3185 909 3274 Salomonis,
933 3215 1085 3282 quorum
1105 3217 1217 3263 unum

229 3287 420 3371 retinebis,
446 3288 596 3360 alterum
613 3292 715 3360 dabis
736 3293 854 3362 vicino
877 3305 939 3361 tuo
955 3287 1120 3378 Simoni,
1145 3307 1218 3365 ter-

229 3390 321 3460 tium
337 3389 488 3477 collegae
502 3387 675 3465 Kittelio.
712 3392 795 3463 Scio
809 3392 962 3484 pueriles
980 3393 1118 3464 libellos
1134 3418 1219 3480 esse,

230 3491 291 3560 sed
307 3489 495 3558 lectionem
517 3489 609 3562 hane
624 3493 801 3562 utiliorem
823 3515 896 3561 esse
918 3493 1119 3564 iunioribus
1135 3519 1218 3564 cen-

230 3614 309 3672 seo,
359 3613 467 3683 quam
497 3593 687 3665 lectionem
722 3595 959 3678 tumultuum,
1006 3597 1068 3688 qui
1101 3596 1218 3668 stulti-

228 3693 316 3764 tiam
348 3703 384 3762 et
414 3690 601 3782 ignaviam
625 3707 782 3766 nostram
813 3697 1014 3766 ostendunt.
1076 3697 1217 3786 Quaeso

189 3859 191 3863 .
228 3806 270 3865 ut
293 3795 509 3882 respondeas
534 3791 625 3868 mihi
650 3821 691 3868 ac
715 3796 906 3886 significes,
945 3821 991 3867 an
1018 3797 1108 3868 istuc
1134 3793 1218 3868 Sla-

228 3891 325 3964 dant
345 3892 437 3965 liber
461 3898 588 3980 allatus
602 3899 659 3976 sit.
708 3896 805 3969 Bene
824 3898 911 3974 vale.
959 3898 1028 3970 Die
1051 3898 1218 3974 tonan

963 4095 1166 4196 Philippus.

225 4495 293 4575 No.
308 4499 421 4578 578⁶.
480 4591 485 4596 Ι

230 4593 403 4628 Μ

1045 4514 1105 4576 20.
1127 4503 1211 4573 Moti.

1035 4597 1206 4628 m

581 4713 640 4802 ΙΙ.
669 4704 852 4813 Beiero.
886 4781 894 4794 .

258 4864 262 4875 .
281 4893 311 4961 ,ἢ
330 4837 555 4961 &lentescente
579 4891 609 4947 io
632 4892 704 4950 ont.
722 4841 822 4950 senate
839 4878 967 4948 druos.
992 4891 1058 4948 mibi
1077 4890 1210 4964 descripte

325 4961 428 5016 eGler.
441 4964 479 5018 D.
492 4963 659 5020 evermero.

252 5248 282 5320 *)
298 5193 525 5308 tellumone:
540 5265 595 5324 per
613 5249 752 5303 laborm.
843 5283 847 5292 .
936 5248 950 5291 ·'
974 5249 991 5277 '¹
1016 5274 1032 5296 .-

249 5345 286 5392 a
315 5333 447 5473 opobpt
464 5347 543 5418 estse
557 5349 592 5404 st
614 5350 770 5420 amam
791 5345 933 5405 reema.
946 5347 976 5403 a.
993 5349 1029 5404 tc
1041 5345 1099 5404 cn.
1112 5347 1203 5418 apen.

1268 267 1377 346 L¹1³·
1401 268 1486 350 t1¹·
1534 269 1670 368 tero.
2180 283 2251 367 nt

1268 433 1489 514 Venerando
1504 439 1595 530 viro,
1620 439 1824 520 eruditione
1842 449 2019 538 dutrtotc
2030 453 2252 551 praestanti,

1262 536 1319 614 D.
1346 541 1640 618 Hartmanno
1673 543 1857 648 [Beiero
1901 549 2043 636 docente
2070 553 2254 651 Evangel.

1290 641 1330 712 in
1355 641 1499 739 inclyta
1520 645 1607 718 urbe
1630 644 1846 751 Francosor
1882 654 1889 670 '
1937 655 1977 728 in
2002 655 2088 755 ripa
2103 653 2232 748 Meni,

1582 749 1711 848 fratri
1725 776 1794 824 sno
1808 755 1938 830 cariss-
1960 808 1963 818 ·

1266 881 1313 970 S.
1341 891 1387 968 D.
1438 893 1649 968 Venerando
1671 901 1782 974 vinee
1802 905 2112 982 carissimefrater.
2163 907 2255 980 Cum

1267 1010 1302 1066 et
1324 996 1460 1065 utiliter
1490 1000 1622 1069 servias
1641 998 1818 1074 Ecclesiae
1849 1011 1904 1076 dei
1935 1009 1973 1076 iu
2004 1007 2259 1100 propagatione

1267 1099 1466 1182 doctrinae,
1492 1113 1526 1168 et
1550 1103 1836 1176 coniunctionem
1855 1104 2094 1180 Ecclesiamm
2116 1125 2259 1182 nostra-

1269 1221 1347 1268 rum
1364 1199 1489 1268 eximia
1509 1202 1637 1292 pietate
1655 1220 1690 1275 et
1706 1209 1901 1280 constantia
1923 1212 2072 1296 tuearis,
2095 1213 2200 1305 diligi
2224 1228 2260 1286 te

1268 1301 1312 1370 ab
1334 1300 1500 1370 omuibus
1525 1303 1592 1393 piis
1614 1305 1746 1376 iustum
1768 1323 1830 1384 est.
1888 1309 1970 1380 Mea
1992 1315 2097 1384 etiam
2119 1341 2202 1405 erga
2226 1332 2262 1386 te

1270 1403 1512 1472 benevolentia
1536 1407 1739 1478 confirmata
1764 1425 1816 1480 est
1831 1423 2012 1486 vetustate.
2065 1413 2176 1503 Quod
2198 1443 2263 1488 au-

1269 1519 1338 1575 tent
1357 1527 1436 1576 raro
1458 1508 1502 1578 od
1524 1519 1558 1576 te
1579 1509 1712 1594 scribo,
1737 1511 1775 1580 lit
1798 1537 1873 1582 uon
1896 1515 2175 1606 oblivionetui,
2199 1524 2263 1592 sed

1272 1619 1416 1696 propter
1456 1609 1727 1698 occupationum
1760 1629 1960 1684 nostrarum
2002 1615 2261 1696 confusionem.

1271 1707 1374 1775 Nunc
1398 1707 1515 1774 literas
1537 1711 1618 1778 dedi
1643 1707 1726 1782 bnic
1752 1709 1890 1786 bomini
1907 1718 2051 1803 celtico,
2086 1717 2259 1793 Mattheo

1272 1801 1546 1899 Andegnvensi,
1571 1813 1632 1904 qui
1655 1814 1824 1903 cogitarat
1847 1817 1885 1887 in
1900 1811 2053 1890 Daniarn
2076 1825 2250 1912 proficisci,

1270 1912 1327 1979 sed
1347 1909 1522 1997 ignoranti
1537 1911 1675 2003 linguas
1691 1911 1816 1986 harnm
1831 1919 1989 2008 gentium
2008 1937 2043 1993 et
2058 1923 2142 1994 vitoe
2161 1949 2243 1992 con-

1270 2011 1491 2080 suetudinem
1513 2014 1664 2083 dissuasi
1688 2011 1754 2087 boc
1775 2017 1852 2090 iter.
1903 2015 1981 2092 Oro
2004 2023 2033 2092 si
2055 2039 2150 2116 potes
2170 2025 2244 2096 istic

1270 2137 1349 2180 etun
1367 2113 1469 2182 alicui
1487 2108 1625 2184 homini
1640 2118 1795 2188 benefico
1812 2127 2079 2208 commendare,
2104 2151 2149 2196 ne
2168 2127 2254 2197 desis

1271 2213 1363 2282 exuli
1388 2214 1446 2304 pio
1468 2229 1501 2284 et
1524 2219 1700 2306 expetenti
1722 2221 1932 2291 doctrinam.
1982 2222 2125 2314 Cogitat
2149 2230 2260 2298 artili-

1271 2338 1381 2396 c1um‚
1408 2317 1502 2408 quod
1524 2342 1632 2386 rnanu
1659 2335 1833 2406 exerceat,
1859 2324 1993 2395 discere
2014 2333 2111 2396 nude
2126 2331 2262 2399 vinum

1273 2411 1409 2484 habea.
1462 2413 1550 2484 Earn
1571 2421 1612 2486 ad
1638 2443 1710 2488 rem
1727 2427 1834 2494 credo
1855 2425 1932 2496 istic
1948 2427 2087 2500 facilius
2105 2432 2266 2502 inveniri

1272 2516 1458 2584 consilinm
1475 2543 1581 2608 qnam
1602 2519 1640 2590 iu
1665 2527 1796 2594 uostris
1816 2527 2033 2616 regionibus.
2083 2527 2177 2604 Alui
2192 2531 2267 2606 Hi·

1271 2639 1429 2711 spaonm
1454 2631 1526 2690 toto
1549 2613 1685 2714 hyeme.
1744 2624 1813 2696 Sed
1837 2651 1901 2698 nec
1922 2631 2123 2702 doctrinam
2144 2661 2265 2706 amare

1274 2718 1368 2786 visus
1382 2731 1453 2802 est,
1479 2744 1543 2790 nec
1559 2738 1677 2793 nostra
1695 2726 1808 2798 officia
1826 2729 1912 2800 boui
1929 2733 2127 2808 consulere.
2182 2736 2264 2808 Scio

1273 2817 1431 2888 Gallicos
1451 2813 1612 2896 homines
1636 2827 1753 2895 minus
1774 2833 1943 2919 superbos
1963 2857 2047 2910 esse.
2104 2832 2157 2908 Et
2180 2833 2263 2910 huic

1272 2913 1450 2990 Mattheo
1476 2922 1593 2992 cibtun
1615 2928 1753 3014 dacem,
1785 2931 1853 3002 nisi
1876 2948 1988 3004 artem
2018 2929 2263 3010 rnecbanicarn

1271 3023 1408 3124 discere
1419 3025 1597 3112 cogitaret.
1652 3026 1790 3116 Quaeso
1808 3049 1846 3104 ut
1869 3036 1997 3104 misero
2013 3035 2085 3106 tuis
2102 3041 2264 3112 consiliis

1271 3137 1304 3192 et
1332 3127 1636 3198 commendatione
1661 3155 1764 3220 opero
1788 3135 1891 3210 teras.
1951 3135 2049 3208 Bene
2073 3141 2175 3223 vale,
2209 3145 2264 3214 die

1271 3225 1331 3298 20.
1350 3223 1441 3296 Maii
1462 3222 1570 3302 1555.
2005 3290 2009 3299 .

1957 3333 2165 3433 Philippus.

1285 3567 2254 3612 Ἣ

1284 3723 1350 3796 Νο.
1363 3725 1479 3798 5786.

1279 3821 1492 3862 ...Ν
2108 3752 2266 3873 2Q

1590 3919 1642 4007 G.
1671 3921 1939 4040 Agricolae.

1336 4070 1420 4146 epa
1435 4073 1486 4132 tro.
1499 4075 1535 4131 n.
1557 4097 1584 4149 ρ.
1597 4079 1656 4134 sss.
1674 4080 1731 4150 (et.
1746 4079 1836 4136 nne.
1853 4085 1902 4141 trs.
1918 4078 1954 4142 n:
1971 4106 2016 4160 ep.
2028 4087 2115 4160 sot).

1488 4227 1534 4310 D.
1561 4227 1766 4332 Georgio
1789 4237 2041 4335 Agricolae

1267 4364 1318 4450 S·
1344 4379 1389 4451 D.
1438 4381 1521 4455 Non
1549 4389 1698 4458 dubium
1730 4405 1781 4462 est
1813 4388 2265 4480 scholam'Chrr’stianam

1267 4483 1446 4554 verissime
1475 4487 1645 4578 templum
1673 4488 1739 4561 Dei
1766 4514 1856 4582 esse,
1896 4499 2028 4594 in‘qno
2057 4501 2099 4574 in
2127 4509 2264 4580 artioris

1266 4597 1406 4654 tenerae
1432 4587 1626 4658 inventutis
1651 4594 1748 4664 adest
1775 4597 1894 4684 Deus,
1927 4615 1961 4671 et
1985 4605 2142 4677 assident
2171 4613 2264 4684 casti

1265 4685 1380 4774 angeli
1405 4689 1566 4758 custodes
1587 4714 1796 4781 corporum,
1828 4711 1865 4769 et
1889 4701 2046 4793 ipsorum
2065 4709 2262 4798 parietum,

1265 4785 1356 4854 intra
1379 4811 1467 4880 qnos
1487 4801 1591 4859 sonat
1615 4817 1682 4861 vox
1704 4796 1907 4882 doctrinae,
1939 4829 2030 4897 quae
2053 4815 2259 4886 umnam

1264 4899 1314 4954 est
1328 4883 1516 4960 Ecclesiae.
1569 4887 1647 4961 Hoc
1671 4905 1704 4964 te
1728 4919 1830 4990 saepe
1847 4903 1999 4991 cogitare
2020 4931 2094 4979 non
2104 4913 2258 5002 dubito,

1262 5011 1374 5077 eoque
1390 4989 1540 5059 alacrius
1556 4985 1662 5064 huius
1678 4997 1826 5071 militiae
1845 5001 1983 5074 labores
2005 5007 2139 5096 lacere,
2165 5037 2257 5084 con·

1261 5088 1417 5158 cordiam
1433 5089 1536 5160 etiam
1554 5091 1768 5182 collegarum
1791 5082 1936 5194 propter
1945 5101 2060 5178 Deum
2075 5124 2112 5184 et
2128 5112 2257 5206 Ange·

1260 5187 1376 5257 lorum
1392 5205 1530 5261 coetum
1546 5193 1717 5268 libentius
1731 5203 1833 5276 tueri.
1884 5201 1994 5276 Hunc
2012 5209 2122 5300 igitur
2137 5207 2256 5287 ἰαυ-

1260 5287 1413 5358 rentium
1444 5283 1693 5380 ludovicum,
1735 5325 1841 5394 quem
1867 5305 1932 5376 tibi
1959 5327 2101 5383 senatus
2132 5317 2257 5405 addit,

1256 5390 1409 5486 libenter
1421 5396 1679 5490 complectaris,
1705 5414 1741 5475 et
1754 5403 1829 5496 ipse
1842 5409 2021 5499 pmrntutt
2034 5435 2072 5486 se
2088 5413 2158 5490 tibi
2171 5430 2255 5491 stu-
