4720 6170
640 252 909 348 5555555
941 253 1288 370 ostentatio.
1342 256 1473 340 5555.
1526 256 1656 336 rost.
2142 299 2184 356 Π

225 419 237 541 l
278 472 449 557 occupatur
465 483 510 534 rat
524 471 680 535 5551155555
695 471 834 536 adsersus
847 469 1156 539 Schwenakfetttun.

233 637 243 657 .
278 591 400 656 Uberius
424 593 553 674 exponit
575 592 649 676 quid
670 603 778 654 5555555
798 591 836 652 de
855 592 973 671 155555,
1000 613 1060 677 qua
1081 613 1174 656 coena
1193 613 1274 657 55555
1295 595 1335 658 ait
1357 595 1550 677 celebranda,
1575 609 1734 685 narratque
1754 603 1980 685 abrogationem
2004 611 2180 676 alentiam

323 716 341 756 a
354 689 495 756 Lutlaaro
509 695 629 758 factam.
681 691 730 758 cf.
746 715 794 776 ep.
812 695 844 760 d.
859 701 917 764 81.
931 689 996 758 lan.
1015 695 1114 766 1554.

271 809 421 875 Dresdam
436 826 561 876 vocatur
577 826 702 896 propter
717 809 899 875 Academiae
912 812 1035 876 rediture

203 1065 236 1132 4,
273 1051 454 1118 111515551555
474 1075 544 1116 cum
568 1049 726 1132 65555555,
752 1051 873 1116 Pastore
885 1050 1012 1132 Dread.,
1037 1048 1170 1114 Dreadae
1192 1053 1277 1116 audit
1297 1050 1464 1116 Martinam
1479 1053 1653 1139 Wcllium,
1680 1055 1835 1126 Pastorem
1851 1063 2101 1152 Coldltzieneem,
2127 1077 2183 1160 qui

324 1178 382 1240 pro
407 1161 570 1236 concione,
593 1169 746 1240 praesenta
759 1155 900 1238 Angusto
920 1153 1075 1234 Electora,
1102 1155 1236 1236 dixerat,
1264 1153 1411 1218 loannem
1424 1154 1610 1222 Fridericum
1633 1175 1663 1225 55
1683 1165 1790 1225 urbem
1804 1164 2001 1255 Magdebnrg.
2024 1163 2183 1260 Evmgelii

325 1281 415 1322 causa
432 1281 449 1320 5
465 1258 590 1322 Caesare
613 1275 642 1322 55
657 1259 801 1322 1115551515
817 1257 957 1322 Electore
979 1261 1060 1320 bello
1088 1272 1212 1321 vexatos
1237 1282 1309 1326 5555.
1362 1256 1470 1339 Quum
1482 1259 1618 1328 Wolfiua
1640 1261 1868 1334 aMelauthone
1886 1286 1916 1336 et
1933 1269 2072 1340 Gressero
2093 1300 2182 1344 asna

326 1366 472 1426 sententia
484 1385 515 1426 55
530 1367 622 1424 everti
640 1385 702 1423 non
720 1385 822 1444 passus
837 1365 887 1443 sit,
913 1365 946 1424 in
958 1383 1104 1423 carcerem
1118 1366 1271 1425 coniectus
1284 1375 1314 1424 et
1329 1363 1358 1423 d.
1382 1367 1435 1431 13.
1452 1361 1518 1427 Ian.
1536 1369 1578 1436 15
1584 1369 1640 1436 54.
1656 1390 1695 1430 55
1712 1373 1797 1432 terris
1812 1369 1959 1440 Electoria
1970 1383 2113 1462 expulsus
2126 1397 2181 1448 ast.

326 1463 435 1528 Postea
450 1469 560 1528 electus
574 1479 617 1527 eet
631 1461 736 1527 Pastor
749 1472 781 1527 iu
798 1465 911 1548 oppido
926 1462 1029 1526 Kahla
1043 1469 1075 1526 in
1090 1461 1268 1546 Thuringia.
1308 1463 1418 1528 Totam
1434 1489 1498 1528 rem
1515 1475 1645 1532 narrarit
1660 1468 1792 1552 Saligius
1808 1479 1841 1538 15
1857 1477 1930 1542 hist.
1946 1478 2079 1564 August.
2097 1481 2183 1548 Con.

325 1569 396 1635 fess.
422 1565 462 1630 Τ.
477 1563 535 1630 111.
563 1589 594 1650 p·
611 1575 683 1638 225
707 1590 750 1652 sq.
777 1589 817 1630 ax
835 1571 1036 1649 manuscripto
1061 1569 1095 1627 in
1123 1567 1305 1629 bibliotheca
1327 1563 1603 1652 Guelpherbytana.
1667 1573 1823 1638 Habentur
1851 1581 1884 1640 in
1914 1583 1981 1646 ood.
2009 1581 2102 1652 Goth.
2124 1591 2184 1658 94.

327 1669 534 1733 ActaWollii
549 1691 618 1732 cum
635 1665 744 1751 Saligii
763 1676 932 1746 narratione
948 1674 1062 1752 ubique
1084 1675 1310 1748 convenientia,
1338 1683 1368 1731 at
1384 1673 1547 1754 inscripta:
1581 1668 1741 1758 „ablflotlo
1768 1673 1901 1745 iitortlut
1925 1681 2029 1766 1185ῑῇ1
2036 1731 2047 1763 ,
2076 1683 2132 1755 5515
2155 1707 2185 1757 et

327 1783 386 1838 555
401 1785 502 1854 magau
520 1765 597 1836 eluet
612 1767 752 1854 11555155,
777 1767 821 1836 oie
846 1789 875 1838 55
891 1766 940 1851 titt
960 1773 1024 1836 5555
1039 1766 1232 1852 §tortitiae
1255 1788 1291 1856 55
1307 1768 1438 1850 &odiat
1455 1771 1568 1858 555555
1584 1775 1716 1860 togato
1736 1795 1772 1863 55
1788 1777 1892 1864 Gothia
1912 1786 2035 1868 5555555,
2068 1785 2101 1872 itt
2124 1803 2185 1859 555.

327 1873 420 1958 15191,
443 1875 506 1939 uttb
522 1874 572 1939 btd
586 1870 701 1939 11515155
716 1870 1024 1952 555551151555555.”
1062 1871 1142 1936 Sunt
1159 1880 1203 1944 53
1224 1875 1312 1940 iolla.
1363 1875 1500 1940 Narratio
1517 1892 1617 1941 autem
1630 1903 1652 1968 a¹
1660 1881 1780 1946 Wolfio
1794 1889 1862 1968 ipso
1881 1903 1925 1952 est
1940 1895 2065 1974 scripta,
2093 1915 2185 1979 qnare

328 1983 454 2040 minime
467 1979 525 2040 fide
539 1979 568 2040 di
571 1999 629 2060 gna
643 1991 723 2058 eunt,
751 2000 827 2063 quae
841 1979 878 2040 da
893 1982 1047 2062 colloquio
1064 1999 1133 2040 cum
1146 1976 1343 2048 Melanthone
1358 1979 1481 2060 habito,
1507 1981 1604 2062 dixit,
1629 1988 1717 2056 ouius
1731 1991 1878 2074 colloquii
1892 2009 2101 2076 argumentum
2116 2005 2186 2062 satis

326 2086 469 2164 exposuit
486 2078 617 2162 Saligius
633 2084 657 2143 1.
675 2103 703 2142 5.

203 2195 251 2264 ll·
282 2199 381 2264 Procli
390 2203 665 2284 interpretationem
682 2195 903 2282 Quadripertitl
917 2196 1082 2266 Ptolemaei
1098 2193 1276 2262 Melanthon
1295 2203 1494 2282 nanciscitur,
1521 2224 1612 2290 qnam
1628 2203 1763 2276 edituros
1775 2221 1828 2276 551.

1062 2571 1232 2652 ΑΝΝΟ
1268 2573 1399 2654 1554.

191 2703 249 2877 hil
281 2794 436 2859 Praefatur
449 2797 484 2858 in
498 2790 587 2856 Tom.
601 2789 660 2856 VI.
677 2763 803 2876 operum
817 2789 948 2856 Lutheri
961 2800 1201 2884 germanicorum
1214 2796 1252 2860 ed
1266 2793 1456 2861 loachimum
1469 2794 1643 2883 Principem
1657 2794 1873 2870 Anhaltinum.

200 2929 248 2996 25,
282 2913 379 2978 Mittit
393 2933 511 2976 caman
529 2912 566 2974 de
583 2907 714 2995 Georgio
729 2911 778 2974 Pr.
793 2911 973 2977 Anhaltino.
1079 2979 1085 2992 ‚

205 3051 248 3113 51,
284 3031 470 3098 concionem
486 3027 640 3094 Mattheaii
655 3032 788 3093 editurus
802 3045 856 3111 est,
882 3035 932 3094 cui
947 3035 1013 3092 vult
1026 3033 1160 3098 intexere
1173 3029 1340 3094 doctrinam
1356 3029 1394 3094 de
1410 3035 1667 3098 consolationibus
1682 3047 1711 3098 et
1725 3033 1896 3098 5155155155
1912 3036 2194 3124 philosophiomarm

335 3139 577 3200 consolationum
592 3147 621 3196 et
634 3132 894 3216 Evangelicarum.
947 3181 951 3188 .

206 3382 255 3442 15·
287 3375 383 3440 Mittit
398 3380 565 3437 oraticnem
578 3373 615 3435 de
630 3369 762 3458 Georgio
776 3371 827 3437 Pr.
843 3369 1023 3437 Anhaltino.

207 3495 256 3558 16·
288 3494 508 3564 Wimarieosas
525 3493 682 3556 ediderunt
698 3497 842 3582 scriptum
863 3504 966 3560 contra
984 3491 1205 3574 praedictiones
1229 3496 1459 3568 astronomicas,
1485 3491 1540 3554 ubi
1560 3487 1738 3560 Melanthon
1756 3517 1878 3586 quoque
1901 3503 2068 3586 sugillatur.
2121 3501 2195 3569 vid,
2252 3541 2269 3552 .

237 4054 263 4113 l·
295 4053 388 4119 Mittit
403 4077 530 4118 examen
548 4053 799 4130 ordinandorum,
825 4075 849 4115 5.
864 4058 955 4114 etiem
970 4049 1106 4118 Examen
1120 4051 1368 4142 Megalburgensc
1380 4059 1493 4122 amicis.

257 4207 264 4226 ·
299 4172 442 4240 lohannes
456 4171 648 4245 Fraternas,
675 4169 751 4233 Dux
763 4167 877 4235 Saxon.
894 4167 1035 4252 Elector,
1055 4141 1200 4238 moritur.

227 4285 268 4348 17·
297 4288 425 4354 Scribit:
454 4287 684 4371 „Definitiones
698 4311 799 4351 rursus
814 4289 947 4354 editurus
962 4313 1029 4351 sum
1044 4293 1152 4353 melius
1164 4295 1326 4352 illustratas
1340 4303 1370 4352 at
1382 4283 1517 4353 auctaa.”

231 4401 269 4466 11.
297 4405 417 4473 Laudes
433 4407 555 4472 loannis
570 4406 732 4479 Friderici,
754 4403 850 4470 Ducis
868 4403 1051 4471 85515555.
1101 4475 1108 4497 x

230 4517 273 4582 2⁵·
297 4525 450 4590 Praai'atnr
462 4532 495 4589 in
510 4525 551 4589 T.
565 4525 608 4593 V.
627 4547 754 4611 opernm
767 4522 897 4588 Lutheri
912 4531 1077 4588 latinorum
1091 4527 1129 4588 ad
1142 4525 1370 4608 Woll'gengum
1385 4523 1485 4589 Prino.
1500 4520 1712 4591 Anhaltinum.

295 4645 445 4731 Expectat
459 4641 625 4722 Sabinum,
652 4665 743 4729 quem
764 4649 801 4707 lie
815 4641 993 4708 Osiandrica
1011 4649 1178 4728 permovit,
1205 4658 1239 4707 ut
1253 4645 1416 4708 discederet
1430 4665 1470 4708 ex
1485 4641 1649 4706 Academia
1662 4643 1913 4728 Regiomcntana.

198 4763 265 4852 dpr.

213 4895 264 4958 20.
298 4881 498 4948 Procurator
518 4880 666 4969 Lipsiaur.

193 5003 263 5072 Mali
845 5063 848 5070 .

231 5135 264 5198 8.
302 5123 396 5189 Mittit
410 5129 534 5189 latinam
549 5127 826 5207 interpretationem
841 5133 873 5195 8.
888 5127 957 5187 libri
972 5121 1225 5188 Maccahaeorum.

201 5253 263 5318 17.
302 5245 501 5310 Proficiaoitnr
524 5245 562 5306 ad
585 5255 767 5307 conventum
782 5239 1011 5326 Theologorum
1030 5241 1269 5324 Saxonicomm,
1294 5243 1507 5306 llasslacornm
1522 5253 1553 5303 et
1567 5237 1785 5320 Suericorum,
1811 5243 1866 5324 qut
1880 5243 1964 5306 15555
1979 5239 2114 5328 dugenti
2130 5243 2204 5312 El..

354 5353 443 5410 ctorls
464 5345 653 5429 Naumburgi
674 5347 795 5409 habitus
816 5361 860 5411 ast
878 5349 918 5410 ad
939 5347 1164 5410 deliberandum
1187 5347 1224 5410 de
1245 5347 1443 5412 declaratione
1460 5341 1579 5408 caueri
1593 5343 1690 5409 danda
1704 5359 1734 5408 et
1756 5343 2004 5410 adiudicandum
2019 5347 2056 5410 da
2069 5347 2205 5415 5155551555

356 5445 497 5516 Osiandri
513 5447 818 5513 atSclterenckialdii.
1426 5533 1486 5612 b·
