4670 6168
263 283 336 360 teo

265 453 467 530 Chamensi.
488 451 652 546 Cumque
668 450 874 524 fasciculum
888 451 1073 526 literarum
1088 455 1260 548 scriptum

267 561 312 630 ad
347 559 526 650 quendam
555 549 859 640 Rostochianum,
899 543 1113 656 Caspiarum
1141 551 1261 630 Pace-

269 655 408 744 natet,
433 659 526 730 mitti
546 658 672 726 vellem
689 655 966 748 lngolstadium‚
991 661 1076 730 dedi
1092 665 1259 732 mandata

268 751 474 834 Melchiori
490 752 699 845 Modesti,
725 759 863 830 Pastori
885 757 1065 833 Ecclesiae
1080 759 1260 834 Chamon-

269 867 329 950 sis,
352 878 394 934 ut
408 877 469 934 aut
484 864 558 956 ipse
573 859 831 952 lngolstadiom
847 864 974 946 mittat,
1000 865 1032 935 si
1045 867 1131 936 certi
1144 867 1260 937 tabel-

268 966 350 1036 larii
371 989 411 1036 ex
426 961 563 1036 Chamo
585 987 626 1034 eo
648 965 933 1055 proficiscantur,
960 979 1022 1036 aut
1043 965 1110 1038 tibi
1132 969 1260 1042 mittat.

269 1067 427 1156 Quaeso,
462 1081 503 1137 ut
531 1061 679 1137 honesto
712 1061 852 1136 homiui
881 1070 1100 1140 declaremus
1128 1071 1167 1139 in
1190 1063 1259 1141 hoc

268 1171 384 1242 officio
405 1184 563 1240 nostram
586 1169 881 1240 benevolentiam.
930 1169 1064 1242 Natura
1081 1173 1259 1264 praeclara

268 1286 336 1352 est,
368 1285 403 1346 et
429 1295 532 1364 spero
551 1269 632 1341 usui
653 1271 730 1341 fore
751 1269 997 1362 Reipublicae.
1047 1273 1135 1344 Misi
1152 1268 1260 1344 Met-

269 1367 389 1444 chiori
401 1375 568 1465 scriptum
584 1397 703 1442 meum
719 1375 763 1442 de
775 1368 990 1444 Mediolon
1006 1389 1127 1446 contra
1144 1373 1259 1446 Stan-

270 1499 415 1561 earum‚
442 1475 539 1568 quod
564 1475 684 1566 legito.
734 1473 824 1546 Heri
847 1473 916 1548 huc
937 1477 1130 1549 venitDux
1147 1479 1258 1550 Saxo-

268 1579 364 1660 niae,
402 1573 592 1672 Augustus
612 1570 667 1672 *),
708 1581 804 1670 quod
835 1581 990 1652 faustum
1025 1593 1059 1650 et
1090 1581 1173 1649 felix
1204 1581 1258 1651 sit.

267 1677 366 1750 Bene
384 1681 472 1754 vale.
525 1681 591 1752 Die
607 1679 643 1753 6.
661 1675 823 1770 Augusti.

781 1777 969 1874 Philippus
985 1779 1209 1858 Melanthon.

281 2155 349 2227 No.
365 2149 479 2226 5447.

274 2251 486 2287 m

1081 2161 1253 2282 Q

538 2349 688 2438 Ioaob.
712 2349 990 2442 camerario.

337 2513 451 2586 Epistol.
468 2513 501 2568 ed
515 2512 656 2570 Gamerae.
673 2532 699 2586 p.
712 2513 764 2568 678
774 2533 814 2586 sq.
833 2515 891 2584 (ed.
904 2513 993 2572 hond.
1006 2515 1109 2572 lib.lll.
1127 2516 1260 2590 epm).

269 2663 495 2746 Clarissimo
510 2667 554 2746 V
549 2669 616 2758 iro,
637 2666 838 2743 eruditione
852 2681 884 2743 et
899 2671 1028 2746 virtute
1041 2675 1260 2772 praestanti,

270 2767 519 2848 Iouclsimo
555 2763 853 2862 Commodo,
882 2775 1011 2876 fratri
1039 2801 1109 2849 suo
1143 2779 1259 2852 saris-

710 2901 824 2964 simo,

267 3015 317 3106 S.
344 3025 389 3102 D.
442 3021 520 3097 Oro
544 3025 659 3098 lilium
675 3021 743 3095 Dei
764 3027 944 3098 custodem
964 3021 1161 3115 Ecclesiae,
1192 3031 1259 3101 do-

267 3133 407 3202 miuum
431 3143 592 3200 nostrum
609 3127 723 3198 lesum
739 3123 943 3216 Christum,
976 3145 1016 3202 ut
1037 3147 1071 3204 te
1086 3147 1120 3203 et
1134 3130 1257 3204 Eccle-

267 3237 355 3306 siam
377 3245 474 3304 tuam
498 3231 725 3300 domesticam
741 3243 774 3300 et
789 3226 944 3323 hospitia
958 3247 1074 3304 vestra
1088 3248 1257 3326 protegat.

266 3337 399 3407 Filium
433 3325 667 3402 leuchimum
705 3332 833 3400 vellem
868 3328 927 3402 hic
962 3338 1056 3424 apud
1088 3359 1256 3424 generum

267 3459 386 3506 meum
409 3457 501 3513 esse,
528 3434 629 3502 cuius
650 3435 868 3503 consuetudo
886 3435 1053 3526 prodesse
1068 3437 1100 3506 ei
1117 3439 1256 3528 poterit.

266 3537 386 3608 Novas
410 3535 682 3604 deliberationes
703 3537 865 3603 nondum
888 3531 1021 3622 habco,
1054 3563 1255 3632 quanquam

267 3639 371 3710 exilis
391 3657 513 3706 rursus
530 3635 747 3728 impendent.
797 3631 845 3706 Et
860 3637 1043 3708 minantur
1058 3641 1162 3710 nobis
1175 3641 1256 3734 qui·

265 3744 349 3812 dam
364 3763 439 3810 non
457 3737 615 3809 obscure.
668 3735 754 3806 Vidi
768 3736 886 3808 literas
907 3743 985 3811 τῶν
999 3735 1255 3838 θριαμβευόν-

266 3867 344 3916 των
352 3837 379 3939 ¹)
392 3835 457 3912 καὶ
469 3831 743 3928 παιανιζόντων
757 3835 817 3911 ἐπὶ
826 3835 1018 3934 ἡμετέραις
1031 3847 1253 3940 συμφοραῖς.

269 3945 352 4014 ldeo
379 3944 498 4012 minus
523 3941 671 4012 miratus
694 3965 771 4013 sum
787 3967 847 4028 ea,
872 3968 961 4037 quae
987 3948 1032 4016 ad
1058 3961 1091 4018 tc
1115 3948 1254 4039 scripsit

266 4045 285 4118 ii
305 4037 498 4142 ιῖρκτόχειρ
513 4039 554 4136 ⁸).
605 4043 775 4115 Feramus
788 4038 851 4116 has
867 4047 988 4117 fatales
1006 4073 1124 4120 rerum
1141 4065 1174 4120 ct
1191 4076 1253 4120 vo-

266 4157 443 4224 luntatum
463 4143 687 4222 mutationes.

364 4267 490 4358 Regiis
513 4264 626 4333 literis
647 4285 754 4332 vocor
776 4265 813 4331 in
837 4259 1023 4354 Angliam,
1054 4293 1144 4362 quae
1166 4271 1253 4340 scri-

266 4391 345 4468 ptae
371 4384 455 4442 sunt
477 4389 598 4436 mense
624 4363 735 4436 Maio.
798 4361 922 4436 Postea
945 4369 1060 4440 secula
1084 4385 1137 4442 est
1156 4397 1252 4443 mors

266 4471 478 4546 nobilissimi
505 4459 803 4556 adolescentis³),
839 4467 902 4558 qui
928 4469 1032 4538 etiam
1060 4486 1111 4542 est
1135 4497 1251 4543 exem-

266 4581 364 4668 plum
389 4571 568 4644 humanae
594 4565 858 4640 imbecillitatis.
908 4566 994 4642 Fuit
1016 4565 1074 4640 hic
1101 4567 1251 4667 ὃσεβα-

263 4749 488 4768 Η

297 4833 328 4902 ¹⁸¹)
347 4827 475 4882 lledlerat
491 4827 603 4882 ineunte
618 4825 687 4894 bug.
699 4841 730 4876 es
743 4819 848 4905 Quoia,
871 4831 896 4873 et
910 4821 963 4874 iam
978 4821 1089 4878 Viteber
1107 4843 1149 4878 am
1163 4829 1247 4896 seuit,

331 4907 362 4954 ul
381 4897 455 4952 cives
474 4896 502 4946 in
519 4895 601 4948 fidem
623 4911 699 4946 suam
723 4891 857 4962 seligeret,
891 4889 1038 4960 quassato
1058 4911 1087 4946 sa
1120 4903 1188 4948 tatus
1207 4909 1248 4950 est

329 4969 455 5042 princeps
467 4963 584 5018 Elector.

298 5079 325 5140 l)
342 5069 547 5126 Flauianorum.
567 5061 599 5116 C.
612 5059 669 5120 W.

833 275 1275 356 uelsrousttutd
1327 286 1549 371 muxtt
1603 293 1737 374 1⁶55.

2207 317 2262 390 lib

1310 455 1395 546 στός
1411 457 1461 558 ⁴),
1495 467 1596 540 cuius
1619 470 1733 542 oratio
1758 473 1802 542 de
1816 467 1985 547 Ecclesiis
2009 479 2056 550 ad
2077 503 2131 552 me
2148 477 2264 558 honuta

1308 564 1388 636 fuit.
1425 562 1523 660 Opto
1539 584 1581 642 ut
1597 573 1806 662 gubernatio
1820 577 1867 648 sit
1880 579 1995 652 fausta
2011 583 2148 656 etfclix.
2173 581 2267 656 Mor·

1310 659 1436 739 ultioni
1449 667 1619 743 Electori
1630 675 1712 744 misi
1725 678 1895 770 scriptum
1909 683 1953 752 de
1968 677 2144 756 Stansari
2154 703 2266 760 conuo—

1309 773 1423 842 versia
1436 768 1484 871 ⁸),
1510 779 1606 868 quod
1623 779 1757 866 retexui
1774 782 1965 872 postillam
1982 789 2166 882 sylvulam,
2185 815 2268 884 quau

1310 873 1441 949 vidisti.
1492 875 1590 948 Bene
1605 891 1640 950 et
1655 881 1806 953 feliciter
1822 885 1912 962 vale.
1962 884 2030 958 Die
2047 889 2224 962 Laurentii.

2002 987 2192 1086 Philippus.

1322 1309 1388 1380 No.
1402 1307 1516 1387 6448.

1313 1407 1527 1448 Μ

1488 1509 1760 1623 (Testimon.
1789 1517 1848 1606 de
1878 1519 2120 1643 Mollem.)

1377 1673 1401 1743 †
1422 1673 1458 1727 lla
1473 1693 1569 1747 apogr.
1582 1675 1611 1730 iu
1623 1677 1687 1734 cod.
1698 1679 1784 1737 Paris.
1803 1679 1839 1737 D.
1852 1679 1884 1738 L.
1898 1683 1961 1741 54⁴.

2123 1337 2269 1456 Q

1308 1815 1577 1906 Testimonium
1605 1830 1734 1908 dutum
1766 1835 2056 1918 Bernhardo
2092 1845 2279 1926 Muliero

1526 1933 1772 2038 (Mollem),
1798 1943 2090 2046 Hamburgensi.

1309 2067 1357 2154 S.
1379 2078 1423 2154 D.
1450 2085 1618 2158 omnibus
1634 2087 1778 2164 lecturis
1793 2089 1856 2165 has
1871 2097 2003 2174 literas.
2053 2099 2155 2175 Nihil
2170 2109 2286 2179 virtute

1309 2184 1498 2255 amabilius
1513 2201 1577 2259 est.
1627 2189 1749 2280 Quare
1762 2220 1825 2267 sua
1841 2200 1970 2294 cuique
1984 2203 2098 2275 virtus
2115 2211 2283 2303 praecipua

1310 2289 1570 2360 commendatio
1593 2306 1655 2362 est.
1705 2293 1777 2366 Sed
1801 2311 1919 2372 tamen
1939 2318 1981 2374 ut
2004 2307 2122 2379 aditus
2137 2314 2181 2381 ad
2196 2314 2286 2404 igno-¹

1310 2401 1363 2458 tos
1382 2387 1427 2458 sit
1440 2389 1597 2478 facilior,
1622 2398 1766 2485 prodest
1781 2395 1911 2473 habere
1924 2407 2138 2487 testimonia.
2171 2409 2217 2484 Et
2231 2417 2286 2484 de..

1310 2513 1371 2560 cus
1393 2503 1444 2560 est
1459 2495 1616 2586 conspici
1632 2497 1730 2587 signa
1745 2501 2014 2578 benevolentiae
2030 2523 2065 2582 et
2078 2515 2286 2586 coniunctim

1309 2591 1366 2661 nis
1399 2615 1480 2662 cum
1512 2596 1592 2666 aliis
1617 2593 1775 2672 honestis
1798 2599 2015 2684 homiuibus.
2071 2611 2161 2686 Huic
2185 2618 2286 2706 igitur

1308 2687 1536 2768 Bernhardo
1559 2694 1728 2772 Muliero
1750 2703 2012 2800 Hamburgensi
2040 2737 2177 2805 peregre
2204 2743 2286 2808 pro*

1307 2797 1443 2868 fecturo
1459 2800 1542 2870 dedi
1557 2795 1626 2872 hoc
1640 2805 1900 2896 testimoninm,
1925 2837 1999 2882 non
2015 2816 2122 2885 solum
2137 2841 2180 2886 ne
2196 2819 2281 2910 quid

1309 2899 1521 2990 suspicionis
1542 2903 1616 2974 eius
1640 2906 1708 2976 iter
1729 2903 1892 2998 haberet,
1917 2918 1978 2985 sed
1997 2917 2095 2986 etiam
2115 2931 2154 2988 ut
2173 2919 2218 2988 sit
2236 2919 2282 2987 si-

1308 3001 1487 3091 gnificatio
1505 3017 1538 3074 et
1555 3005 1681 3078 iudicii
1706 3013 1751 3080 de
1775 3012 1852 3103 ipso
1879 3017 1949 3086 mei
1976 3031 2010 3088 et
2032 3019 2286 3092 benevolentiae

1308 3127 1416 3176 meae.
1467 3103 1602 3180 Natura
1617 3106 1821 3184 Bernhardi
1842 3119 2085 3190 doctrinarum
2108 3147 2213 3214 capax
2236 3137 2286 3206 est,

1308 3218 1344 3276 et
1370 3230 1452 3276 cum
1484 3210 1530 3281 sit
1551 3213 1733 3284 moderata
1755 3229 1789 3286 et
1810 3219 2001 3292 domestica
2025 3223 2216 3316 disciplina
2231 3221 2286 3296 bo.

1308 3321 1406 3378 nesta
1428 3313 1629 3400 accesserit,
1655 3339 1736 3386 vera
1758 3319 1886 3409 pietate
1900 3319 2015 3394 Deum
2031 3327 2136 3412 colit,
2160 3342 2197 3400 et
2211 3339 2286 3398 amat

1309 3409 1478 3480 iustitiam
1495 3429 1529 3485 et
1542 3429 1693 3486 caeteras
1707 3418 1866 3495 virtutes
1917 3423 2031 3496 Natus
2043 3441 2096 3498 est
2110 3429 2152 3498 in
2168 3431 2286 3502 familit

1308 3505 1454 3582 honesta
1481 3515 1633 3610 inclytae
1653 3521 1753 3588 urbis
1769 3519 2013 3616 Hamburgae,
2040 3553 2134 3624 quae
2158 3557 2236 3602 non
2251 3557 2286 3602 sn

1308 3611 1401 3697 lum,
1424 3627 1465 3684 ut
1479 3613 1650 3706 Massilia,
1675 3622 1839 3694 civilibus
1854 3626 2046 3700 virtutibus
2062 3637 2226 3722 excellit,
2252 3659 2286 3704 se

1308 3714 1413 3784 etiam
1442 3717 1662 3792 domicilium
1683 3737 1734 3794 est
1754 3721 1930 3798 Ecclesiae
1952 3731 2037 3817 Dei,
2079 3749 2115 3806 et
2142 3740 2244 3807 cives
2266 3763 2286 3808 n

1307 3839 1426 3884 veram
1451 3818 1710 3892 invocationem
1726 3823 1794 3894 Dei
1817 3841 1850 3898 ct
1870 3831 1948 3921 pios
1968 3858 2084 3906 mores
2101 3837 2286 3914 assuefacl

1306 3913 1446 3987 Deinde
1467 3947 1550 3992 vero
1573 3917 1633 3994 hic
1648 3923 1880 4000 Bernhardus
1903 3933 1941 4001 in
1964 3951 2085 4006 nostra
2102 3935 2286 4020 Academi

1306 4013 1553 4114 philosophiae
1576 4025 1678 4096 initia
1699 4029 1841 4116 didicit,
1874 4047 1908 4104 et
1932 4037 2070 4108 audivit
2092 4044 2286 4116 uberiore

1306 4121 1573 4212 explicationem
1598 4129 1780 4200 doctrinae
1803 4133 2053 4209 ecclesiasticae
2077 4155 2115 4213 et
2143 4139 2286 4226 veteni

1305 4245 1344 4292 ac
1364 4227 1559 4296 recentium
1585 4232 1926 4320 controversiarum,
1953 4241 2155 4334 dequibus
2176 4247 2286 4342 ampl

1304 4324 1411 4394 ctitur
1434 4343 1643 4419 perpetuum
1666 4355 1875 4406 consensum
1900 4333 2077 4414 Ecclesiae
2099 4341 2286 4426 catholic*

1303 4420 1457 4508 Christi,
1489 4431 1666 4521 quietio
1691 4449 1812 4506 nostra
1835 4439 2055 4514 confessione
2077 4455 2286 4530 coutinett

1303 4539 1337 4595 et
1359 4523 1527 4602 abhorret
1549 4533 1595 4602 ab
1612 4535 1778 4606 omnibus
1795 4539 1957 4611 fanaticis
1972 4559 2006 4617 et
2023 4549 2231 4627 seditiosis
2249 4581 2286 4656 ο]

1302 4627 1492 4710 nionibus,
1517 4655 1557 4704 ac
1580 4634 1690 4704 animi
1714 4639 1860 4728 pietate,
1886 4667 1967 4714 vera
1981 4647 2286 4732 invocatione}

1301 4743 1335 4801 et
1348 4723 1497 4802 honesta
1511 4758 1650 4804 morum
1666 4737 1921 4826 gubernatione
1936 4747 2101 4825 declarat.
2173 4757 2234 4830 In
2255 4789 2286 4844 at

1300 4831 1414 4902 demia
1438 4829 1678 4906 Rostochiana
1710 4856 1857 4914 ornatus
1888 4860 1938 4916 est
1961 4853 2074 4935 gradu
2096 4865 2286 4952 magistu

1299 4927 1556 5022 philosophici,
1585 4937 1648 5010 ubi
1669 4939 1852 5013 familiaris
1874 4947 1944 5020 fuit
1969 4951 2055 5024 viris
2074 4955 2286 5042 doctissit

1299 5027 1467 5102 Arnoldo
1481 5030 1647 5108 Bureniu
1663 5055 1697 5113 et
1711 5037 1863 5113 Duvidi
1875 5037 2050 5144 Chylreo.
2075 5053 2215 5136 Nunc
2238 5063 2286 5142 tn

294 5179 324 5248 9)
343 5165 536 5230 Bm13„,„,3,‚
549 5159 645 5218 ow,
667 5191 695 5202 -
726 5163 884 5234 „deeeptus
895 5159 1072 5232 nutaturus,
1091 5175 1121 5220 ῃ.
1134 5167 1244 5242 ,mg
1296 5135 1614 5224 peregrinationem
1635 5147 1805 5256 suscepit,
1838 5163 1879 5219 ut
1899 5151 2054 5226 celebres
2078 5153 2286 5250 Academ

328 5245 361 5296 ab
386 5239 441 5294 ursi
484 5235 533 5288 ede
555 5230 700 5292 anteriori.
730 5233 776 5300 qui
796 5242 836 5285 est
858 5233 887 5288 in
907 5229 1060 5286 Aubshsms
1082 5235 1244 5306 iniquibus.

330 5313 396 5372 ΤΗ
413 5343 447 5356 -
465 5255 592 5362 fraefero
607 5297 745 5354 Thomasii
756 5301 972 5370 explicationem.

289 5419 319 5486 s)
335 5411 428 5470 Dubio
445 5418 532 5472 earet,
548 5393 754 5458 Melanthooem
768 5395 843 5468 loqui
857 5397 891 5454 de
903 5397 1103 5482 Bduprdoregl
1116 5401 1240 5476 Augilas,

324 5485 370 5558 qui
382 5482 448 5536 obiit
461 5479 487 5534 d.
501 5477 526 5534 6.
541 5475 593 5530 lut.
610 5466 685 5526 tuse.
698 5465 855 5521 adolescens
867 5469 1003 5525 sexdecem
1015 5485 1162 5526 ennomus.

1300 5271 1516 5288 Ἥ

1326 5325 1634 5452 tenuat.
1655 5334 2026 5472 ..sese-eeu.
2045 5349 2128 5476 Μ·
2154 5360 2236 5414 ...
2265 5333 2286 5420 a

1325 5475 1354 5542 s)
1373 5477 1436 5532 vu.
1456 5415 1881 5556 nais.1.n.g.2s⁵g⁸⁰.'⁸'
1903 5528 1906 5538 ,
1942 5433 1950 5467 ’
1970 5453 1979 5472 ’
2029 5437 2052 5474 ‘¹
2135 5443 2198 5546 J’·
2216 5431 2286 5492 Μ
