4814 6172
141 269 220 345 tte

252 437 299 508 ln
330 429 398 506 hac
428 435 648 508 nobilissima
677 435 812 511 familia
840 449 944 510 nates
971 437 1023 508 cst
1047 451 1147 530 patre

144 542 318 634 Principe
331 533 506 624 Ernesto,
531 551 693 613 etmnre
706 552 787 608 nata
802 539 842 610 in
855 541 989 612 familia
1004 537 1146 614 Ducum

147 641 561 732 Munsterbergensinm,
594 637 765 731 Princeps
784 636 980 734 Georgius.
1032 639 1148 721 Erant

151 759 270 822 autem
293 744 335 814 in
356 743 562 835 perentibus
583 767 664 812 cum
688 743 777 812 aliae
800 743 948 814 virtutes
969 755 1043 814 tum
1064 765 1147 812 vero

155 849 311 924 studium
330 860 502 936 magnum
523 847 784 934 cognoscendae
807 846 989 916 doctrinae
1005 842 1056 914 'de
1072 845 1146 916 Deo

158 965 193 1024 et
214 973 292 1020 vera
317 947 495 1016 invocatio
516 943 595 1022 Dei.
646 945 768 1036 Quare
790 959 824 1016 ct
845 949 936 1017 filios
959 948 1028 1038 ipsi
1049 947 1147 1016 dorni
1233 960 1241 978 ·

151 1057 198 1126 ed
217 1050 436 1142 agnitionem
452 1046 519 1117 Dei
537 1061 571 1118 et
588 1050 632 1118 ad
647 1049 767 1118 omnia
782 1044 929 1120 honesta
949 1049 1065 1118 officia
1085 1050 1148 1118 ad-

147 1157 394 1234 suefecerunt,
426 1163 461 1220 et
477 1151 637 1225 doctores
658 1151 707 1220 eis
724 1152 870 1220 idoneos
885 1151 1147 1246 quaesiverunt.

145 1256 241 1329 Erat
261 1269 348 1326 tunc
371 1253 411 1320 in
434 1251 565 1346 inclyta
589 1249 778 1322 Academia
800 1252 940 1344 Lipsica
964 1245 1147 1344 Georgius
1222 1305 1230 1320 .

142 1353 288 1429 Heltos
304 1349 553 1438 Forchemius,
578 1355 678 1424 cuius
695 1354 764 1456 fuit
778 1356 816 1422 in
834 1355 1031 1424 formandis
1048 1355 1147 1443 inge-

143 1459 221 1532 niis
247 1459 335 1527 tides
355 1469 388 1526 ct
409 1455 581 1524 foelicitas
602 1456 747 1540 cannia,
774 1469 808 1526 ct
826 1457 1038 1528 laudabatur
1054 1457 1147 1527 inte-

145 1563 260 1656 gritas
288 1572 324 1630 et
354 1557 507 1646 gradtas
535 1558 577 1626 in
596 1558 768 1628 moribus.
834 1557 903 1628 Hic
925 1560 1020 1628 enim
1042 1557 1146 1628 initio
1202 1603 1222 1626 .-

144 1661 286 1736 erudiit
326 1651 562 1728 Iooehimum
602 1649 881 1741 Gemestarium,
933 1655 1145 1756 Caspasum

146 1759 392 1856 Crosigerum
411 1773 447 1829 et
466 1761 573 1844 alios,
599 1761 661 1856 qui
675 1775 795 1857 postea
811 1775 955 1853 propter
975 1762 1145 1834 eruditio-

148 1891 235 1939 nem
260 1867 301 1934 in
316 1862 475 1934 Ecclesia
496 1876 530 1932 et
553 1863 591 1931 in
614 1863 1028 1954 gubernatione‘utiliter
1053 1864 1146 1932 vitae

151 1965 335 2040 communi
363 1965 574 2038 servierunt.
640 1963 734 2037 Huic
759 1965 914 2054 Georgia
934 1959 1145 2035 Forcbcmio

156 2069 418 2141 commendatus
451 2079 502 2135 est
536 2065 739 2136 adolescens
773 2065 941 2160 Princeps
968 2063 1145 2155 Georgius

164 2165 389 2252 Anhaltinus,
423 2169 518 2260 apud
541 2191 645 2262 quem
669 2191 750 2238 cum
770 2183 897 2240 natura
911 2183 998 2238 esset
1013 2167 1146 2238 doctri-

162 2295 232 2347 nae
251 2269 346 2340 avida
369 2283 405 2340 et
427 2293 553 2360 capax,
583 2269 746 2340 celeriter
765 2269 1048 2356 Grammaticcn,
1074 2269 1144 2338 lin-

154 2397 259 2466 guam
275 2373 439 2455 latinam,
463 2369 678 2442 Dialecticen
695 2385 728 2442 et
744 2368 950 2442 Catechesiu
965 2373 1145 2444 doctrinae

152 2472 367 2548 christianae
396 2473 540 2559 didicit,
580 2485 614 2544 et
643 2477 689 2544 ad
716 2475 880 2546 exercitia
909 2475 1145 2546 invocatioms

149 2577 311 2650 studiose
332 2575 546 2645 assuefactus
569 2587 630 2650 est.
681 2574 807 2646 Postea
828 2578 872 2647 de
893 2577 1041 2646 consilio
1065 2599 1145 2666 gra·
1259 2631 1268 2648 .

146 2679 289 2750 vissimi
319 2676 415 2748 senis
448 2671 615 2770 Episcopi
649 2676 935 2769 Mersburgensis
967 2669 1146 2773 Adotpht,

144 2779 329 2872 Principis
356 2772 565 2865 Anhaltini,
605 2779 722 2850 iussus
751 2793 803 2851 est
835 2781 938 2850 initia
964 2782 1146 2850 doctrinae

145 2881 490 2956 lmisconsultorum
514 2881 667 2967 discere,
704 2881 837 2975 quoin
861 2904 989 2970 genere
1009 2895 1143 2953 tantam

142 2985 329 3080 praestitit
350 2981 607 3065 assiduitatem,
640 2995 681 3053 ut
702 2984 818 3054 fontes
840 2997 935 3054 recte
957 3005 1145 3073 cognosce-

144 3100 223 3172 ret,
257 3109 328 3180 qua
348 3085 386 3153 in
408 3102 446 3153 ne
465 3087 700 3156 adiuvabatur
715 3109 794 3156 non
808 3085 921 3155 solum
941 3083 1146 3155 aDoctori-

144 3193 244 3276 laus,
269 3187 452 3257 sedetiam
468 3199 614 3257 naturae
629 3187 878 3278 generositate,
901 3210 992 3280 quae
1006 3189 1145 3256 amabat

145 3290 357 3372 veritatem,
382 3301 416 3359 ct
437 3301 510 3359 erat
531 3289 686 3378 fugitans
702 3289 980 3360 cavillationum.
1031 3287 1146 3363 Vide-

724 253 1157 340 errsronanuu
1208 263 1435 346 uranu.
1491 265 1676 370 esst„

2119 267 2196 346 250

1200 441 1447 514 consideravit.
1478 435 1526 513 Et
1541 467 1622 513 cum
1636 455 1763 514 natura
1777 443 1952 516 facundus
1965 453 2067 527 esset,
2093 465 2196 536 saepe

1199 541 1305 612 iussit
1335 545 1410 614 eius
1439 567 1524 614 vnce
1545 542 1745 618 Cardinalis
1768 547 1898 637 exponi
1922 567 2061 630 causas,
2103 567 2194 638 quae

1200 645 1373 715 erent-in
1411 647 1672 722 deliberatione
1710 661 1771 718 ant
1810 649 1951 718 iudiciis
1989 669 2193 738 proponen-

1200 745 1276 818 dae.
1328 744 1381 817 Ita
1402 763 1436 823 st
1460 749 1637 819 industria
1660 751 1854 840 augebatur
1873 749 2193 822 etconhrmabatur

1200 846 1386 923 iudicium.
1648 886 1653 897 ·
1826 922 1829 930 ,
1951 871 1953 876 ’

1304 996 1380 1068 lam
1406 1013 1523 1074 autem
1546 1001 1736 1072 certamina
1763 1003 1807 1071 de
1829 1001 1992 1073 doctrina
2016 995 2193 1074 Ecclesiae

1201 1113 1296 1172 mota
1314 1117 1433 1187 eraut,
1462 1101 1499 1172 et¹
1512 1097 1697 1184 Tetellus,
1724 1105 1785 1196 qui
1806 1104 1947 1174 scurrili
1968 1105 2193 1196 impudentia
2261 1171 2268 1180 .
2351 1139 2353 1146 ⁴

1200 1203 1341 1272 venales
1367 1203 1603 1293 indulgentias
1626 1203 1828 1275 Pontificias
1849 1206 2131 1292 circumtulerant,
2158 1219 2194 1277 et

1200 1329 1275 1374 erus
1288 1307 1453 1379 satellites
1461 1303 1597 1376 Esaias
1614 1320 1648 1376 et
1662 1308 1723 1376 alii
1733 1303 1933 1378 Lutherum
1949 1307 2088 1378 assidue
2104 1307 2191 1378 scri-

1200 1407 1269 1498 ptis
1295 1421 1329 1476 et
1344 1404 1556 1478 fulminibus
1573 1407 1768 1480 Pontificiis
1785 1411 1956 1500 cogebant
1971 1407 2015 1478 de
2032 1409 2191 1479 fontibus

1200 1510 1381 1578 doctrinae
1404 1505 1617 1583 christianae
1641 1511 1752 1581 multa
1778 1512 1903 1585 dicere.
1954 1507 2003 1582 Et
2025 1511 2191 1582 extabant

1201 1633 1269 1679 ram
1291 1605 1443 1682 Lutheri
1466 1613 1716 1704 explicationes
1747 1615 1790 1682 de
1818 1612 2022 1684 discrimine
2046 1612 2133 1704 legis
2156 1625 2191 1682 et

1199 1709 1404 1803 Evangelii,
1430 1717 1473 1784 de
1491 1739 1571 1784 vera
1587 1715 1815 1805 poenitentia,
1838 1717 1882 1784 de
1900 1713 2023 1804 gratia,
2048 1715 2092 1784 de
2108 1713 2190 1799 fide,

1200 1815 1243 1882 dc
1265 1839 1347 1884 vera
1370 1816 1614 1901 invocatione,
1640 1819 1684 1885 de
1705 1841 1772 1888 usu
1794 1815 2120 1902 sacramenrorum,
2145 1815 2190 1884 de

1199 1915 1403 1986 discrimine
1425 1917 1541 2006 legum
1570 1919 1774 1988 divinarum
1800 1932 1833 1986 et
1854 1913 2112 2004 humanarum,
2145 1917 2189 1986 de

1199 2018 1401 2088 discrimine
1422 2019 1611 2089 ministerii
1633 2016 1822 2112 Evangelii
1846 2035 1880 2091 et
1902 2019 2066 2116 politicae
2090 2031 2188 2110 pote-

1199 2119 1308 2197 statis.
1352 2112 1446 2190 Haec
1462 2121 1591 2212 scripta
1605 2137 1706 2193 eraut
1720 2122 1757 2190 in
1774 2123 1942 2192 manibus
1954 2123 2140 2190 doctorum
2157 2132 2192 2188 et

1199 2222 1437 2308 indoctorum,
1462 2246 1502 2292 ac
1517 2223 1630 2293 studia
1648 2225 1941 2307 accendebantur,
1968 2221 2051 2318 quia
2069 2245 2191 2312 super-

1198 2323 1327 2396 stitiosi
1344 2322 1507 2394 Canones
1529 2326 1591 2394 din
1606 2325 1747 2394 fueraut
1762 2325 2056 2395 conscientiarum
2073 2321 2191 2392 carui-

1198 2427 1320 2511 ficina,
1352 2441 1387 2497 et
1405 2425 1593 2497 Pontifices
1616 2441 1650 2501 et
1665 2421 1836 2496 Monachi
1853 2450 1962 2518 regno
1982 2448 2046 2496 suo
2062 2426 2191 2494 immo-

1198 2531 1317 2600 derate
1339 2529 1442 2599 abusi
1461 2521 1611 2602 fucrant.
1651 2528 1938 2623 ,Desidersbatur
1962 2528 2066 2598 etiam
2089 2521 2190 2596 theo-

1198 2631 1298 2720 logia·
1313 2653 1403 2723 pura
1421 2643 1454 2700 et
1467 2633 1668 2724 perspicua,
1694 2632 1777 2724 quia
1793 2623 2007 2726 Labyrinthi
2022 2627 2190 2700 Scotista-

1197 2755 1279 2802 rum
1294 2746 1329 2802 et
1343 2731 1513 2802 similium
1529 2745 1630 2804 erant
1646 2733 1918 2807 inextricabiles.
1957 2729 2069 2801 Multi
2081 2729 2191 2820 igitur

1199 2834 1292 2907 docti
1324 2847 1358 2904 et
1385 2835 1436 2925 pii
1454 2835 1744 2904 adsentiebantur
1765 2829 1944 2917 Luthero,
1976 2843 2010 2901 et
2033 2831 2190 2920 gratula-

1197 2936 1329 3009 bantur
1344 2930 1521 3005 Ecclesiae
1534 2937 1794 3004 illucescentem
1809 2935 2003 3016 veritatem,
2029 2931 2091 3000 alii
2106 2955 2189 3022 pro-

1198 3031 1309 3142 phapi
1332 3037 1555 3110 laetabantur
1578 3035 1753 3106 laxatione
1779 3035 2003 3108 vinculorum
2027 3053 2189 3128 quorun-

1198 3140 1297 3223 dam,
1321 3152 1361 3209 ut
1377 3138 1454 3208 fieri
1467 3137 1569 3208 solet.

1281 3285 1378 3388 ,Etsi
1394 3298 1511 3361 autem
1525 3291 1661 3385 legebat
1676 3305 1709 3362 et
1727 3289 1896 3383 Princeps
1912 3287 2087 3379 Georgius
2102 3281 2189 3358 haec

145 3397 233 3478 bat,
260 3403 304 3461 nt
324 3391 480 3477 in'artc,
505 3391 667 3476 exordia,
691 3389 954 3484 progressiones
974 3403 1145 3474 etmetas,
1197 3391 1345 3484 scripta,
1371 3393 1454 3486 quia
1469 3389 1584 3486 Deum
1601 3408 1694 3492 recte
1709 3396 1823 3464 colere
1839 3391 2018 3484 cupiebat,
2043 3403 2079 3462 et
2093 3389 2189 3460 mul-

147 3511 185 3567 et
226 3491 471 3582 intelligebat,
509 3493 692 3562 veritatem
732 3495 847 3563 lucem
882 3493 1040 3563 divinam
1071 3515 1145 3592 esse
1186 3495 1246 3572 ‚tis
1258 3496 1327 3588 piis
1342 3495 1528 3566 sententiis
1545 3497 1824 3580 adsentiebatur,
1849 3510 1967 3571 tamen
1985 3493 2068 3588 quia
2087 3512 2188 3562 vere-

146 3607 388 3668 monstratam
413 3595 531 3686 generi
554 3590 734 3682 humano,
771 3610 812 3666 ut
835 3609 997 3667 teneatur
1019 3595 1144 3683 discri·
1199 3599 1315 3684 batur,
1340 3598 1522 3668 ne'aetalis
1539 3597 1742 3668 infirmitate
1757 3597 1887 3668 alieubi
1902 3595 2092 3680 laberetur,
2114 3615 2189 3664 non

146 3721 235 3770 men
259 3696 363 3766 inter'
375 3688 523 3773 honesta
549 3707 584 3766 et
608 3697 746 3788 turpia,
777 3697 871 3768 iuter
887 3699 979 3768 bona
993 3709 1029 3768 et
1044 3697 1147 3779 mala,
1198 3700 1316 3770 statim
1332 3701 1375 3769 de
1391 3711 1466 3770 toto
1482 3721 1607 3788 genere
1623 3701 1803 3772 doctrinae
1820 3697 2076 3790 pronuntiavit.
2128 3694 2190 3764 ln·
2305 3783 2313 3802 ·

148 3813 183 3873 et
198 3809 415 3891 agnoscatur
430 3795 545 3886 Deus,
569 3809 604 3868 et
619 3797 770 3880 sciatur,
797 3800 912 3894 aprelis
929 3801 992 3880 sit,
1019 3796 1145 3868 videli-
1200 3817 1293 3874 terea
1310 3827 1392 3871 vero
1408 3801 1514 3870 simul
1530 3803 1736 3872 ardentibus
1753 3827 1792 3871 ac
1807 3801 1958 3871 assiduis
1971 3799 2063 3869 votis
2077 3819 2098 3866 a
2112 3793 2189 3871 Deo

151 3917 205 3974 cet
222 3899 384 3993 sapiens,
412 3920 540 3986 verax,
565 3901 698 3980 bonus,
724 3901 850 3987 iustus,
876 3903 1063 3986 beneficus,
1089 3923 1146 3970 ca·
1198 3901 1344 3996 petivit,
1368 3903 1460 3972 flecti
1481 3913 1602 3992 pectus
1617 3928 1719 3973 suurn
1733 3905 1779 3973 ad
1794 3903 1996 3988 veritatem,
2020 3900 2191 3994 aclacry-

152 4017 238 4090 stus,
263 4002 398 4082 vindere
413 4003 597 4072 scelerum.
647 3999 816 4087 Dicebat,
837 4003 952 4078 Deum
973 4003 1062 4072 velle
1080 4025 1146 4071 nos
1200 4027 1300 4074 mans
1323 4027 1425 4096 saepe
1451 3999 1537 4072 haec
1560 4005 1667 4074 verba
1692 4005 1874 4098 repetivits
1907 4006 1960 4074 fac
1984 4025 2063 4074 curn
2086 4021 2189 4070 servo

158 4104 222 4175 sibi
241 4105 312 4198 ipsi
333 4103 504 4174 adsentiri
526 4105 644 4194 agnita
672 4105 833 4190 veritate3
867 4105 1145 4194 praestigiascs-
1200 4119 1261 4176 tuo
1275 4107 1470 4174 secundeum
1485 4102 1765 4176 misericordiam
1780 4119 1897 4191 tuam,
1924 4101 2190 4176 etiustilicatio-

162 4205 381 4276 dilationum
414 4215 449 4276 et
482 4203 736 4299 sophismatum
771 4207 922 4276 illudere
947 4203 1035 4276 Deo.
1099 4201 1147 4274 Et
1200 4229 1263 4276 nes
1284 4217 1361 4277 tuas
1384 4209 1471 4276 doce
1492 4231 1560 4279 me.
1610 4204 1659 4279 Et
1681 4209 1838 4279 studiose
1858 4208 1943 4297 legit
1961 4207 2088 4295 scripta
2103 4225 2188 4294 pro-

164 4327 268 4398 saepe⁸
282 4308 373 4378 illud
390 4305 591 4379 Salomonis
614 4309 813 4400 repetebatt
838 4331 913 4376 non
927 4307 1027 4378 decet
1041 4305 1146 4378 Prin·
1200 4304 1337 4400 phetica
1366 4321 1400 4380 et
1429 4307 1641 4400 apostolica,
1681 4324 1716 4382 et
1740 4305 1796 4388 his
1818 4308 1980 4380 adiunxit
2001 4301 2188 4374 historiam

161 4408 269 4502 cipem
299 4409 438 4489 labium
468 4411 630 4481 mendax.
698 4409 830 4480 Fontes
862 4409 971 4500 igitur
997 4409 1086 4478 iuris
1113 4421 1148 4478 et
1202 4409 1328 4480 veteris
1350 4407 1548 4496 Ecclesiae,
1581 4411 1710 4505 scripta
1734 4409 1943 4501 Augustini,
1975 4405 2189 4500 Hieronymi

156 4535 260 4584 usum
283 4511 493 4606 quaerebat,
518 4535 558 4582 ac
577 4512 766 4606 praecipue
779 4509 1074 4583 Panormitandm
1091 4510 1147 4595 ba
1201 4525 1235 4581 et
1247 4510 1344 4584 Petri
1361 4511 1609 4604 Langobardi,
1635 4537 1674 4584 ac
1695 4514 1827 4583 laboris
1850 4506 1955 4581 buius
1971 4503 2188 4578 hortatorem

152 4616 269 4704 gebat.
1200 4625 1235 4684 et
1255 4615 1391 4685 socium
1415 4610 1567 4688 babebat
1591 4613 1785 4706 Georgium
1804 4607 2092 4684 Forebhemiurn.
2141 4603 2190 4680 Et

253 4715 298 4788 ln
318 4710 387 4786 hoc
409 4715 584 4809 tymeinio
605 4736 688 4786 cum
708 4735 821 4786 anuos
844 4715 980 4808 aliquot
1003 4733 1148 4806 praepa·
1201 4715 1283 4812 quia
1313 4717 1428 4788 fontes
1455 4717 1493 4786 in
1524 4717 1662 4808 scriptis
1687 4711 1903 4808 propheticis
1929 4727 1963 4784 et
1986 4711 2189 4804 apostolicis

150 4831 266 4890 resset
289 4817 490 4908 ingenium,
521 4831 555 4890 et
579 4817 650 4886 iam
665 4839 823 4906 egressus
839 4830 928 4887 esset
943 4839 1076 4886 anunm
1093 4814 1148 4882 vi·
1201 4841 1409 4908 cognoscere
1434 4819 1615 4913 cupiebat,
1653 4819 1791 4890 addidit
1819 4815 1959 4904 linguae
1986 4837 2129 4904 graecae
2155 4825 2189 4882 et

148 4923 325 4994 cesimum
347 4921 560 5003 secundum,
592 4916 792 4989 Cardinalis
813 4912 985 4988 Albertus
1005 4913 1149 4986 Elector
1201 4919 1346 4992 ebraeae
1370 4921 1544 5002 studium,
1587 4933 1796 5014 tantumque
1819 4917 1858 4986 in
1879 4918 2004 4987 ebraea
2027 4915 2189 5009 profecit,

149 5019 394 5113 Mogontinus
419 5033 454 5091 et
475 5015 673 5112 Episcopus
699 5017 1011 5110 Madcburgensis‚
1044 5029 1148 5090 natus
1200 5035 1242 5093 ut
1270 5047 1335 5116 par
1359 5031 1449 5094 esset
1477 5023 1515 5092 in
1547 5045 1585 5093 ea
1614 5021 1726 5093 doctis
1757 5021 2021 5114 interpretibus.
2077 5017 2189 5108 Saepe

149 5127 193 5196 in
207 5123 347 5195 familia
365 5117 618 5196 Marrbionum
637 5118 1056 5210 Brandenburgeusium,
1083 5121 1147 5189 ad·
1200 5124 1307 5194 etiam
1336 5126 1380 5193 de
1412 5126 1578 5195 omuibus
1606 5117 1856 5194 controversiis
1878 5147 1958 5194 cum
1984 5119 2132 5191 eruditis
2154 5129 2191 5188 et

150 5227 272 5318 iungit
293 5249 376 5298 eum
398 5223 610 5297 consiliariis
634 5223 673 5292 in
693 5223 795 5310 aula,
831 5224 895 5292 ubi
917 5225 988 5294 iarn
1012 5221 1147 5294 nonin
1200 5225 1418 5316 sapientibus
1441 5227 1644 5298 disserebat.
1696 5223 1858 5296 'faudem
1884 5225 1993 5315 igitur
2014 5221 2077 5290 dlu
2093 5217 2189 5308 cogi·

150 5329 303 5410 umbra,
335 5339 379 5398 ut
401 5326 440 5396 in
457 5321 668 5406 Academia,
699 5327 760 5396 sed
783 5325 823 5395 in
844 5325 987 5397 iudiciis
1003 5341 1039 5398 et
1055 5325 1147 5395 deli·
1199 5327 1280 5398 tatis
1300 5327 1462 5397 omnium
1484 5328 1686 5415 sententiis,
1719 5353 1799 5400 eum
1822 5327 1995 5398 iudicaret
2012 5319 2190 5394 Ecclesia·

149 5429 399 5504 berationibns
429 5427 695 5520 gubernationis
726 5451 831 5500 nsum
852 5429 1034 5503 doctrinae
1057 5427 1147 5500 iuris
1198 5451 1279 5502 rum
1292 5441 1495 5502 nostrarum
1509 5431 1763 5504 confessionem
1777 5451 1986 5502 consensum
2002 5447 2076 5496 esse
2090 5435 2188 5496 vete·
