4792 6186
135 315 214 392 669
714 309 1149 390 Ertsrosatttlnt
1199 307 1303 388 LlB.
1330 307 1414 386 XII.
1468 310 1599 391 1556.
2110 313 2187 391 670

7 547 10 554 .
143 477 340 561 saturante
356 499 571 560 conventum
588 484 937 588 Ratisponensem²).
982 485 1140 562 Maxime
1189 505 1280 555 mus.
1331 481 1474 556 Servari
1497 486 1607 578 igitur
1628 511 1693 558 nos
1716 513 1736 561 a
1758 489 1831 561 lilio
1848 487 1917 562 Dei
1940 503 2115 584 petamus,
2147 501 2182 560 et

142 593 300 684 optarim
322 593 445 665 doctos
464 603 499 660 et
524 591 639 661 bonos
656 592 752 661 viros
768 591 907 683 placide
928 593 973 661 de
991 591 1139 684 quibus-
1190 609 1369 678 speremus
1393 612 1473 657 eum
1496 591 1744 662 exauditurum
1762 617 1836 664 esse
1858 594 2009 684 gemitus
2029 605 2182 678 nostros,

6 736 9 778 1
143 697 227 766 darn
246 691 495 764 controversiis
510 691 678 788 colloqui.
710 692 784 764 Nec
799 695 927 766 melius
942 695 1137 788 quidquam
1190 689 1252 781 qui
1274 689 1443 775 alfinnat,
1475 714 1512 760 se
1537 694 1587 762 sic
1611 709 1746 784 gestare
1769 692 1962 766 Ecclesiam
1989 717 2106 780 suam,
2138 705 2181 764 nt

5 815 10 880 ¹,
142 795 292 885 cogitari
308 808 421 885 potest
434 795 612 864 bonorum
630 796 863 868 ctdoctorum
879 820 1072 881 consensu,
1098 810 1138 867 ut
1189 803 1309 882 pastor
1331 789 1368 858 in
1392 793 1525 881 gremio
1549 796 1698 866 tenellos
1719 819 1828 886 agnos
1843 811 1953 888 gestat
1968 819 2089 867 recens
2103 795 2179 865 edi·

5 915 9 943 ¹
142 899 185 968 in
212 897 374 966 versibus
401 895 558 989 antiquis
583 920 673 990 quos
695 896 796 968 Plato
819 898 963 978 recitat,
995 899 1138 984 dicitur,

143 1025 235 1094 quos
264 997 461 1070 adscribam
485 997 568 1092 quia
595 999 668 1070 scio
695 996 954 1073 Celsitudinem
984 1015 1135 1074 vestram

4 1152 10 1194 ;
142 1102 279 1174 talibus
292 1101 439 1192 gemmis
456 1099 625 1172 delectari

379 1228 416 1296 aei
436 1229 556 1314 χρυσὸς
576 1227 692 1315 ἀγλαὸς

381 1330 455 1398 odd'
478 1329 604 1413 ἀδάμας

378 1433 479 1508 οὕτως
496 1432 663 1520 ἀστράπτῃ
684 1433 765 1520 πρὸς
783 1433 861 1520 toas

378 1530 421 1610 ὥς
443 1533 575 1620 ἀγαθῶν
597 1532 723 1618 ἀνδρῶν

377 1631 595 1722 ὁμοφράδμων
617 1628 733 1720 νόησις.

223 1759 293 1834 Sed
314 1760 352 1828 in
366 1781 495 1848 magno
509 1773 685 1829 conventu
701 1783 807 1852 quam
822 1762 1010 1834 dissimiles
1031 1762 1136 1834 multi

144 1861 358 1942 conventuri
388 1873 503 1932 esseut
536 1861 763 1950 cogitandum
791 1879 854 1938 est.
911 1861 990 1936 Oro
1016 1880 1134 1935 autem

143 1971 258 2042 filium
285 1963 362 2048 dei,
396 1975 438 2033 01
472 1975 508 2033 11
536 1959 713 2034 Ecclesias
738 1977 772 2034 et
799 1965 983 2059 Principes
1008 1981 1044 2036 et
1070 1990 1135 2037 nos

148 2092 269 2144 omnes
294 2068 483 2157 gubernet,
515 2077 549 2132 et
574 2077 689 2134 servet
712 2066 958 2140 celsitudinem
981 2082 1134 2141 vestram

151 2172 373 2244 incolumem.
429 2162 497 2234 Die
513 2162 759 2238 2011111111.

397 2281 614 2357 Celsitudini
629 2299 766 2356 vestrae

805 2391 967 2461 addictus

647 2485 838 2586 Philippus
857 2489 1084 2568 Melanthon.

155 2862 225 2932 No.
242 2857 355 2932 5918.

151 2957 362 2994 Μ

497 3041 567 3131 Μ.
595 3041 788 3132 Collina.

214 3215 237 3286 †
253 3213 291 3268 Er
304 3231 399 3288 apogr.
410 3213 439 3269 111
452 3215 515 3273 coel.
527 3215 613 3272 Paris.
630 3217 666 3274 D.
677 3217 709 3276 L.
724 3218 757 3274 51
763 3217 786 3272 ⁸.

164 3444 171 3452 ,
243 3366 496 3444 Mattiaco
521 3367 738 3458 Collina,
765 3371 806 3447 in
826 3371 1029 3450 Academia

538 3471 735 3573 Progensi.

971 2873 1028 2940 25.
1046 2869 1112 2936 1111.

956 2959 1127 2990 Μ

141 3609 192 3700 s.
218 3624 264 3701 D.
314 3624 517 3698 Clarissime

141 3724 278 3820 ὄμματ’
314 3727 426 3802 εὔνου
459 3725 585 3826 φωτὸς
618 3728 817 3824 11111λέ11111
840 3725 982 3830 γλυκύ,
1017 3733 1136 3828 inquit

4 3861 5 3867 ¹
139 3827 345 3922 Euripides.
395 3829 595 3924 Conspectu
618 3833 728 3922 igitur
744 3847 779 3906 et
795 3834 943 3905 eruditis
959 3837 1135 3906 sermoni-

4 3933 7 3972 *
140 3933 211 4006 bus
231 3925 411 4002 Thneldei
427 3935 531 4004 valde
555 3933 718 4006 delectati
741 3959 864 4006 summ
886 3959 949 4026 ego
973 3949 1007 4006 et
1028 3961 1135 4028 gener

140 4056 258 4121 meus,
290 4028 479 4109 Peuceras.
529 4033 577 4106 Et
601 4059 805 4130 quanquam
832 4061 950 4108 coram
976 4038 1049 4108 frui
1072 4053 1133 4109 tno

143 4149 333 4228 conspectu
357 4161 429 4206 non
457 4136 655 4227 potuimus,
688 4149 805 4206 tamen
828 4141 1134 4211 111010111110-

142 4240 350 4316 tuebamur,
381 4252 414 4309 11
436 4239 480 4307 111
502 4251 537 4309 te
558 4239 670 4308 multa
697 4238 974 4309 sciscitabamur.
1024 4240 1132 4312 Mitto

4 4343 9 4404 [·.
140 4339 210 4411 tibi
238 4339 407 4432 pagellas,
446 4363 537 4434 qnae
566 4338 682 4410 studia
713 4335 926 4410 Academiae
952 4354 1134 4436 utcunque

6 4499 7 4504 ,
139 4445 347 4512 ostendunt.
397 4441 606 4532 Significant
627 4441 731 4512 etiarn
757 4455 895 4511 nostras
919 4441 1133 4514 sollicitudi-

5 4594 6 4608 .
140 4565 205 4613 nes
218 4546 261 4614 de
276 4542 440 4612 veniente
455 4567 549 4613 11000
566 4535 626 4634 ’),
658 4544 721 4637 qui
737 4543 872 4613 01111111
891 4555 925 4614 11
941 4543 1075 4614 faustus
1089 4546 1134 4616 sit

6 4690 9 4710 .
136 4641 320 4716 Ecclesiae
334 4641 402 4714 Dei
416 4659 450 4714 et
465 4645 534 4736 piis
547 4645 691 4714 familiis
705 4645 840 4740 ubique
856 4659 891 4715 et
912 4645 978 4716 tibi
1001 4661 1034 4717 et
1052 4661 1133 4718 tnae

5 4773 10 4795 ¹
139 4747 352 4818 domesticae
379 4743 559 4818 Ecclesiae
586 4747 691 4818 iaciat
722 4747 816 4817 blius
840 4743 925 4833 Dei,
958 4747 1021 4842 qni
1053 4751 1134 4820 ideo

137 4871 290 4920 massam
315 4843 463 4919 bomani
488 4849 626 4937 generis
648 4851 830 4934 assumsit,
856 4862 896 4918 ut
910 4873 977 4920 nos
992 4851 1133 4941 fragiles

7 4987 9 4993 v
138 4953 291 5022 insertos
314 4974 397 5021 suae
420 4973 555 5020 massae
583 4963 752 5042 tanquam
775 4951 937 5022 surculos
960 4967 1076 5024 servet
1099 4967 1134 5024 et

8 5103 11 5117 .
139 5054 325 5144 gubernet.
364 5049 533 5126 Humana
549 5053 725 5147 praesidia
741 5053 843 5124 nulla
857 5077 1008 5148 usquam
1023 5049 1134 5126 habe-

138 5219 369 5238 —u-..n--

174 5323 204 5390 2)
222 5321 319 5377 Mense
337 5321 443 5378 Martio
461 5323 527 5378 anni
549 5321 623 5378 1556.

173 5408 203 5479 ¹)
227 5409 275 5463 Est
299 5427 410 5462 11111110
433 5427 448 5460 1
474 5407 590 5462 Restare
608 5407 769 5462 nudandae
793 5406 896 5463 editam
922 5407 1131 5467 1115111601.

212 5481 303 5542 toas,
321 5479 396 5550 quod
416 5477 515 5546 legitur
532 5477 562 5530 111
579 5477 693 5548 Scriptis
710 5479 787 5550 publ.
806 5479 890 5535 Asscl.
908 5477 943 5533 Τ.
958 5479 996 5532 ll.

1191 905 1254 961 tos.
1304 890 1403 962 Bene
1416 907 1450 965 et
1466 895 1615 966 feliciter
1629 899 1722 979 vale,
1750 900 1928 968 carissime
1941 901 2059 968 frater.
2106 896 2178 968 Pro

1189 994 1302 1064 xeniis
1321 995 1391 1064 tuis
1412 1009 1447 1066 et
1469 998 1581 1066 debeo
1602 1011 1636 1068 et
1651 995 1765 1070 habeo
1782 1003 1949 1090 gratiam,
1980 1003 2041 1070 sed
2063 1000 2178 1070 multo

1189 1098 1356 1166 maiorem
1384 1098 1636 1186 gratitudinem
1661 1127 1726 1194 pro
1750 1117 1919 1194 perpetua
1940 1117 1998 1172 tua
2017 1123 2097 1190 erga
2121 1123 2178 1170 me

1189 1198 1431 1268 benevolentia
1454 1200 1519 1270 tibi
1543 1203 1669 1274 debeo.
1721 1203 1897 1275 Fruemur
1922 1219 2039 1274 autem
2056 1216 2178 1274 nostra

1189 1299 1342 1368 amicitia
1367 1301 1550 1394 aliquanto
1583 1319 1662 1396 post
1685 1305 1824 1376 dulcius
1855 1307 1893 1374 in
1920 1305 2177 1378 consuetudine

1060 1481 1064 1490 Ι
1189 1395 1347 1472 coelestis
1367 1399 1544 1474 Ecclesiae
1571 1404 1665 1475 inter
1689 1423 1828 1479 nostros
1848 1411 2029 1494 doctores,
2062 1407 2177 1476 filium

1189 1504 1272 1590 Dei,
1295 1499 1495 1595 prophetas,
1522 1509 1698 1599 apostolos
1715 1523 1749 1579 et
1767 1510 1915 1600 collegas
1932 1533 2067 1596 corum,
2085 1531 2177 1604 quo·

1188 1631 1266 1676 rum
1294 1609 1448 1696 prolecto
1466 1609 1643 1703 colloquia
1662 1627 1802 1700 expeto,
1827 1636 1955 1706 meque
1973 1637 2014 1681 ex
2036 1607 2101 1681 bac
2116 1633 2176 1680 ra-

1188 1709 1245 1776 bie
1263 1709 1487 1796 ingeniorum
1504 1703 1610 1780 huius
1625 1714 1733 1781 seculi
1750 1713 1903 1786 liberari
1912 1727 2007 1806 opto.
2042 1709 2176 1783 lterum

1188 1811 1275 1882 vale.
1326 1809 1397 1879 Die
1414 1811 1474 1884 16.
1492 1809 1668 1898 ianuarii,
1699 1810 1805 1889 1556.
1858 1813 2013 1886 Salutem
2031 1829 2114 1906 opto
2131 1811 2177 1882 D.

1190 1906 1334 1980 Adamo
1348 1925 1382 1982 et
1397 1913 1475 1981 aliis
1490 1915 1631 2001 amicis,
1656 1940 1696 1986 ac
1717 1917 1903 2010 praecipue
1918 1915 1962 1991 D.
1977 1909 2163 2016 Grispeclc.

1199 2287 1266 2360 No.
1285 2285 1398 2360 5919.

1192 2385 1406 2425 Μ
1999 2392 2170 2424 Μ

1530 2477 1580 2560 V.
1608 2476 1840 2566 Richtero.

1256 2638 1278 2700 †
1296 2633 1334 2688 111
1352 2653 1445 2710 apogr.
1462 2637 1490 2692 in
1509 2639 1572 2696 sod.
1594 2639 1730 2698 Mebnert.
1748 2639 1833 2700 1101.
1851 2661 1879 2717 p.
1889 2642 1916 2703 1.

1190 2785 1237 2864 V
1232 2789 1418 2862 enecando
1442 2793 1540 2880 viro,
1578 2793 1744 2869 Domino
1769 2793 1837 2896 [V
1839 2799 1907 2872 ito
1930 2795 2181 2906 Richtero]

1190 2886 1344 2961 Pastori
1364 2891 1556 2964 Ecclesiae
1570 2893 1652 2966 Dei
1670 2897 1709 2968 in
1730 2899 1817 2970 arbe
1829 2899 2023 2976 Damasco
2037 2899 2178 3002 [Dom-

1466 2993 1663 3096 milzsch],
1690 3000 1810 3072 amico
1825 3028 1905 3092 sao,

1189 3127 1237 3215 S.
1262 3139 1307 3218 D.
1359 3141 1571 3216 Veneranda
1584 3148 1730 3218 domine
1745 3149 1879 3224 Pastor.
1930 3153 2097 3228 Narravit
2112 3179 2180 3228 no-

1189 3245 1244 3314 bis
1258 3239 1315 3315 bic
1340 3240 1565 3344 Wolsgang
1584 3273 1609 3319 a
1624 3243 1850 3342 Rolschrilz,
1876 3271 1980 3328 natus
1996 3272 2095 3350 patre
2112 3283 2178 3329 no-

1189 3347 1266 3429 bili,
1293 3347 1356 3440 qui
1373 3361 1475 3419 antea
1490 3350 1527 3419 in
1543 3347 1741 3423 Anbaltina
1755 3355 1892 3428 ditione
1906 3384 2018 3450 prope
2030 3355 2177 3430 Dessam

1188 3449 1278 3518 rexit
1300 3445 1514 3538 Ecclesiam,
1548 3455 1740 3526 desiderari
1762 3459 1952 3530 diaconum
1985 3465 2080 3554 apud
2105 3483 2180 3538 vos.

1188 3548 1273 3622 Fuit
1294 3551 1503 3645 aliquandiu
1529 3553 1568 3625 in
1594 3557 1791 3630 calamitate
1819 3585 1892 3632 non
1924 3588 2042 3656 parva.
2095 3561 2178 3634 ldeo

549 3629 606 3698 vit
630 3643 665 3700 el
696 3628 874 3699 carissime
901 3629 1020 3704 frater.
1072 3632 1138 3714 Εἷς
1187 3675 1272 3736 010,
1298 3667 1339 3722 01
1357 3655 1389 3722 ei
1403 3655 1545 3726 diaconi
1567 3659 1723 3730 officium
1741 3663 1917 3738 tribuatis.
1967 3665 2081 3758 Spero
2103 3668 2179 3736 fore

1186 3754 1410 3824 obedientem
1426 3757 1547 3839 vobis,
1572 3774 1608 3831 et
1623 3763 1831 3849 modestum,
1857 3781 1891 3836 et
1908 3765 1946 3836 in
1961 3769 2076 3838 officio
2093 3769 2179 3837 dili-

1186 3869 1338 3946 gentem.
1371 3853 1469 3928 Bene
1485 3861 1610 3933 valete.
1642 3861 1711 3934 Die
1726 3865 1853 3935 ultimo
1869 3867 2026 3940 ianuarii
2046 3867 2156 3945 1556.

1681 3976 1869 4074 Philippus
1891 3984 2118 4058 Melanthon.

1237 4089 1372 4181 Scripsi
1390 4094 1512 4164 cadem
1529 4097 1573 4166 de
1595 4121 1634 4166 re
1657 4099 1702 4168 ad
1720 4095 1890 4173 Senatum
1908 4119 2078 4177 vestrum.

1288 4191 1397 4264 Mitto
1412 4197 1513 4266 vobis
1530 4211 1563 4268 et
1579 4199 1715 4270 scribae
1732 4205 1897 4294 pagellas.

1190 4393 2175 4428 ·-·--·-------·-------.-

1189 4527 1252 4603 No.
1268 4525 1380 4603 5920.

1196 4623 1365 4654 Μ

2023 4559 2053 4618 1.
2065 4551 2153 4618 Febr.

1998 4639 2173 4673 m

1536 4720 1604 4808 Io.
1630 4723 1834 4812 Belloio.

1252 4875 1445 5020 Sequtkppisl.
1459 4899 1488 4954 p.
1499 4880 1563 4936 161.
1597 4881 1684 4956 Epist.
1703 4883 1788 4942 111.1.
1807 4905 1833 4958 ρ.
1847 4885 1905 4942 167.
1924 4889 1979 4959 (etl.
1991 4889 2081 4950 bord.
2100 4895 2147 4951 lib.
2157 4894 2179 4954 1.

1184 5093 1506 5170 Reverendabsimo
1530 5095 1697 5172 Domino
1726 5093 1938 5181 cardinali
1967 5080 2184 5187 Ibhanni

1295 5192 1413 5272 Bell
1419 5201 1518 5284 aio,
1545 5201 1735 5302 Episcopo
1751 5201 1980 5300 Parisiensi,
2005 5224 2066 5288 etc.

1184 5333 1235 5422 S·
1263 5341 1321 5424 D.'
1362 5347 1610 5424 Reverendiss.
1642 5351 1814 5446 Domine,
1854 5357 1902 5430 Et
1933 5363 2082 5444 memini
2112 5365 2183 5437 viri

1183 5453 1353 5545 sapientis
1368 5469 1402 5526 et
1416 5455 1502 5524 boni
1520 5457 1571 5526 tui
1588 5457 1710 5529 fratris
1723 5463 1884 5544 consilia,
1911 5475 1944 5533 et
1960 5465 2064 5536 doleo
2080 5487 2184 5563 spre-
