4720 6170
946 54 952 98 i

99 299 135 374 o
668 275 1108 366 urrsrooasuot
1159 269 1266 354 utu.
1293 269 1383 356 ιιι.
1434 269 1568 354 asso.
1697 237 1748 270 ''
2085 277 2135 394 aa

102 459 310 562 propheticis
323 471 356 530 et
370 455 575 550 apostolicis
589 455 692 530 libris
706 455 834 546 scripta
856 465 904 522 est
922 473 1084 523 sermone
1141 443 1372 536 imperiorum
1404 443 1668 538 extinguantur.
1727 447 1864 524 Habuit
1887 461 2041 524 vetustas
2064 449 2132 524 do-

102 569 242 650 usitato,
266 583 392 634 sonam
413 573 508 630 reete
531 558 760 652 loquentibus
784 557 822 624 in
847 555 979 644 linguis
1001 576 1085 646 pro·
1139 545 1352 618 ctrinrmde
1368 547 1527 642 motibus
1548 549 1750 638 stellarum,
1775 549 1869 624 haud
1885 555 1994 626 dubie
2009 552 2132 624 erodi-

105 667 284 764 phetarum
300 677 330 734 et
345 662 607 756 apostolorum,
633 659 695 754 qui
713 673 806 729 reete
822 658 1014 726 voluerunt
1029 655 1087 722 iu·
1139 647 1275 720 tissime
1298 661 1489 722 extructam
1520 675 1561 720 ex
1585 653 1842 747 antiquissimis
1872 654 2132 727 observationi-

109 767 225 860 trlligi.
259 763 460 838 Retinenda
477 775 527 834 est
543 762 650 851 igitur
668 761 786 830 natira
811 759 900 828 ratio
916 755 1088 826 sermonis
1139 752 1218 836 bus,
1245 745 1371 821 habuit
1385 765 1544 824 accurate
1560 753 1771 846 descriptam
1788 757 1913 828 seriem
1929 771 2130 848 temporum

113 873 197 942 iuxta
224 863 368 962 phrasin
399 865 542 934 illarum
570 863 791 952 linguarum,
825 885 889 930 nec
916 860 1088 930 transfor·
1139 863 1174 922 et
1190 864 1350 922 veterum
1366 851 1609 946 imperiorum.
1660 854 1752 928 Cum
1771 872 1888 930 autem
1913 859 1952 928 in
1968 857 2129 954 Aegypto

113 973 244 1044 ruaudus
265 979 318 1038 est
345 970 386 1036 in
413 965 597 1056 allegorias
619 987 735 1035 sermo
766 963 851 1052 legis
880 961 1024 1030 moralis
1054 971 1087 1030 et
1139 951 1346 1024 Saracenica
1367 955 1548 1027 barbaries
1563 969 1597 1028 et
1620 961 1834 1030 academiam
1850 958 2131 1031 Alexandrinam

107 1071 370 1168 promissionum
394 1068 525 1160 gratiae
545 1081 579 1135 ct
601 1067 832 1137 articulorum
849 1063 928 1132 fidei
945 1063 982 1130 in
1001 1061 1088 1132 scri·
1140 1069 1174 1128 et
1207 1055 1323 1125 studia
1347 1056 1494 1142 delevit,
1527 1072 1644 1130 vetera
1677 1076 1907 1134 monumenta
1936 1062 2128 1154 perierunt.

105 1175 162 1268 pp,
182 1167 400 1266 propheticis
423 1184 455 1240 et
486 1169 686 1258 apostolicis
712 1193 751 1236 ar
775 1165 956 1262 symbolis.
1013 1160 1089 1233 Cur
1138 1153 1186 1227 Et
1203 1167 1276 1227 tota
1294 1157 1456 1228 doctrina
1478 1159 1521 1226 de
1539 1159 1695 1232 motibus
1715 1163 1901 1236 interitura
1922 1177 2013 1250 erat,
2039 1187 2129 1260 quae

101 1289 207 1348 ,utem
225 1273 313 1344 dicit
329 1266 573 1366 Epiphanius,
601 1293 690 1362 opus
708 1293 780 1342 esse
797 1265 1037 1358 speculatione
1053 1277 1088 1334 et
1138 1271 1224 1328 tunc
1246 1257 1402 1352 dispersa
1417 1258 1485 1330 fuit
1505 1261 1543 1330 in
1564 1261 1696 1334 multos
1722 1279 1756 1336 et
1770 1267 1887 1337 varios
1903 1265 2033 1353 libros,
2058 1264 2129 1334 nisi

99 1376 220 1448 sensu?
279 1371 393 1444 Plana
427 1369 611 1464 responsio
647 1385 708 1444 est.
767 1369 899 1442 Sensus
934 1367 1088 1438 declarat
1138 1359 1245 1452 paulo
1272 1373 1354 1432 ante
1377 1359 1602 1434 saracenicos
1627 1379 1743 1436 motus
1764 1363 1987 1440 Ptolemaeus
2017 1380 2129 1438 totam

97 1479 231 1569 singula
263 1475 457 1558 vocabula,
490 1487 525 1543 et
549 1471 764 1564 experientia
795 1469 968 1554 ostendit,
1001 1469 1087 1562 quid
1138 1462 1431 1532 arteminunum
1449 1463 1616 1534 volumen
1633 1467 1872 1543 contraxisset.
1920 1467 2129 1542 Huuearti-

98 1579 268 1671 rignifieat
289 1577 379 1658 vito,
405 1597 518 1659 mors,
550 1575 682 1660 timor,
702 1577 805 1660 fides,
832 1571 953 1658 dolor,
987 1570 1087 1639 lacti·
1137 1563 1237 1632 licem
1260 1566 1347 1634 deus
1364 1565 1591 1654 excitaverat,
1617 1581 1656 1638 ut
1681 1584 1789 1640 artem
1808 1571 2000 1662 dispersam
2025 1567 2128 1641 colli·-

97 1683 150 1754 tia.
191 1677 438 1752 ,Manifestum
464 1689 515 1746 est
536 1676 661 1766 igitur,
688 1699 791 1745 sensu
817 1683 849 1743 et
872 1671 1086 1765 experientia
1138 1677 1243 1754 geret·
1293 1663 1384 1736 Nam
1406 1690 1519 1737 unum
1537 1669 1705 1740 volumen
1726 1685 1760 1744 et
1783 1671 1871 1764 cripi
1894 1665 2128 1744 bibliotheca-

98 1805 180 1878 opus
196 1803 274 1851 esse
289 1781 332 1848 ad
357 1777 585 1866 intelligenda
604 1767 788 1852 vocabula.
831 1773 910 1866 ¹Nec
930 1774 1087 1863 gignitur
1137 1790 1217 1836 rum
1235 1765 1411 1837 incendiis
1428 1781 1464 1840 et
1485 1769 1706 1862 privatorum
1729 1771 1858 1844 studiis
1877 1787 1912 1844 et
1929 1773 2128 1865 sumptibus

97 1909 194 1958 sensu
219 1880 408 1972 peregrina
430 1879 619 1964 sententia,
652 1881 712 1948 sed
732 1876 933 1968 agnoscitur
954 1875 1086 1947 nativa.
1138 1867 1289 1938 describi
1314 1870 1429 1960 potuit
1452 1884 1489 1942 ει
1510 1873 1704 1944 transmitti
1727 1877 1772 1946 ad
1794 1890 1962 1968 posteros.
2014 1871 2128 1944 Totae

97 1978 389 2088 speculationem
400 1981 560 2051 nominat
571 1977 962 2051 dialecticumoutiuern
975 2001 1087 2046 rueru-
1139 1993 1222 2038 vero
1238 1966 1617 2044 bibliothecaeservari
1631 1969 1700 2044 hoc
1711 1979 1818 2047 modo
1833 2002 1908 2048 uon
1925 1987 2127 2068 potuerunt.

100 2093 259 2168 brorum,
297 2083 544 2163 definitiones,
579 2083 792 2164 divisiones,
832 2079 1087 2162 distinctiones,
1139 2065 1381 2160 Agnoscamus
1398 2073 1508 2161 igitur
1523 2073 1580 2142 dei
1597 2075 1829 2163 beneficium,
1848 2093 1882 2149 ει
1898 2079 2128 2158 celebremus,

107 2189 264 2257 iuditium
289 2187 336 2256 de
361 2185 632 2280 consequentiis.
691 2183 787 2253 llaec
810 2185 915 2252 etiam
941 2205 1013 2248 non
1033 2179 1087 2270 gi·
1139 2175 1234 2268 quod
1251 2187 1285 2254 et
1306 2173 1517 2246 monstravit
1532 2177 1729 2248 doctrinam
1746 2183 1789 2250 ει
1802 2194 1997 2254 conservat.
2047 2176 2129 2249 Me-

106 2301 212 2381 gmmt
226 2287 431 2380 peregrinas
446 2287 654 2368 capraritias,
679 2289 738 2354 sed
757 2287 893 2358 nativas
914 2297 1005 2354 recte
1028 2308 1087 2350 or·
1139 2275 1252 2344 moria
1269 2273 1372 2345 etiam
1391 2273 1584 2346 Ptolemaei
1604 2278 1839 2368 delectemur,
1860 2279 1960 2352 cuius
1973 2293 2130 2350 mentem

103 2394 233 2466 dium,
284 2387 364 2457 Hae
386 2389 466 2456 viae
488 2411 562 2456 nun
585 2401 724 2458 mittant
745 2389 894 2480 scripta,
918 2385 978 2454 sed
1003 2384 1087 2452 illu·
1139 2377 1226 2446 deus
1248 2377 1290 2446 ad
1315 2371 1412 2448 hunc
1434 2376 1664 2450 utilissimum
1686 2379 1844 2452 laborem
1865 2382 2128 2476 suscipiendum

100 2509 206 2566 suaot
223 2514 349 2562 corum
363 2489 562 2560 lectionem.
1140 2478 1357 2552 exsuscitavit.
1409 2477 1641 2560 Manifestum
1658 2495 1709 2552 est
1725 2483 1839 2569 enim,
1868 2509 1989 2554 veram
2006 2497 2039 2554 ει
2055 2481 2128 2552 uti·

827 2581 894 2662 Ph.
920 2584 974 2659 M.
1140 2579 1209 2650 lem
1226 2603 1299 2658 esse
1314 2580 1512 2651 doctrinam
1529 2583 1573 2652 de
1586 2583 1761 2678 motibus,
1788 2599 1822 2655 et
1838 2609 2004 2677 magnum
2021 2587 2130 2666 decus

1017 2735 1033 2770 ,
1140 2703 1213 2751 esse
1231 2677 1436 2770 hominum,
1461 2697 1626 2755 ettotam
1651 2677 1743 2756 hanc
1761 2687 1969 2780 sapientiam
1991 2685 2129 2758 illustre

104 2805 1087 2832 -------—-*-—-*·-—-—-·-*----·“-·
1140 2784 1275 2864 dedeo
1301 2783 1543 2854 testimonium
1570 2809 1655 2862 esse.
1714 2785 1811 2858 lolem
1836 2804 1940 2862 autor
1961 2788 2130 2884 reliquias

1046 2962 1055 2980 ι
1140 2885 1267 2954 veteris
1291 2883 1472 2954 doctrinae
1494 2885 1735 2974 divinatricis,
1767 2915 1858 2984 quae
1889 2915 1929 2960 ex
1952 2904 2129 2960 astrorum

113 2956 307 3034 antdfiis
905 2955 1088 3080 Q·
1142 2985 1258 3078 positu
1273 2999 1548 3076 temperamenta
1565 3001 1600 3058 et
1621 3003 1739 3060 motus
1753 2990 1891 3087 aliquos
1912 2991 2065 3078 iudicat,
2089 2993 2128 3061 in

108 3057 317 3098 m
624 3095 626 3100 ’
1140 3109 1249 3182 parvo
1266 3083 1447 3156 volumine
1462 3087 1612 3178 collegit,
1636 3094 1732 3186 quod
1751 3087 1841 3162 hanc
1855 3091 1966 3184 ipsam
1983 3093 2030 3162 oh
2045 3117 2129 3163 cau-

449 3137 507 3226 Ε·
534 3137 733 3271 Ebnmf
1140 3211 1214 3260 sam
1231 3199 1348 3258 extare
1361 3201 1397 3260 et
1409 3212 1616 3262 conservare
1631 3191 1720 3262 utile
1739 3206 1809 3278 est,
1835 3206 1891 3278 ut,
1917 3217 2006 3292 quae
2020 3195 2128 3266 ftrerit

164 3319 290 3395 Epistola
308 3317 452 3392 praemissa
471 3317 560 3372 libro:
580 3315 686 3372 Claudii
700 3313 901 3371 ptolemaeida
921 3313 1085 3386 praedictio·
1141 3301 1241 3360 ViiUS
1264 3289 1425 3360 ‘loell'lna
1452 3289 1490 3360 ln
1518 3285 1586 3362 h⁰⁰
1609 3315 1753 3387 genere,
1782 3293 1940 3388 ⁶⁰¹¹⁸Pl⁰i
1962 3297 2071 3389 P⁰⁵⁸it
2095 3313 2130 3370 el

197 3392 283 3446 ὼ·
296 3387 566 3472 '¹¹⁹⁰¹.⁰¹'²⁵⁰l'·.⁰¹⁸³
581 3385 691 3470 erutum
703 3387 827 3442 feceruut
841 3383 1090 3468 Quuartputtruu,
1141 3415 1247 3486 quam
1264 3393 1511 3463 verecundeex
1527 3393 1639 3465 causis
1655 3391 1807 3490 physicis
1821 3397 2004 3491 plerasque
2018 3397 2131 3490 signi-

311 3465 339 3512 et
351 3457 441 3524 latone,
458 3453 520 3509 labra
535 3453 580 3514 lV.
595 3453 723 3530 Phtlrppo
739 3453 917 3511 Melanthune
929 3464 1091 3526 euterpe-etp.

198 3476 311 3584 ssil‘·
331 3523 598 3596 uatuoportouu.
615 3525 643 3580 t.
661 3529 741 3593 rur.)
771 3521 973 3596 hegisurum.
986 3521 1087 3580 Deua·
1140 3488 1321 3564 ficationes
1346 3493 1589 3569 ratiocinetur.
1646 3495 1725 3568 Etsi
1746 3497 1842 3568 enim
1866 3494 2032 3570 hocloco
2055 3526 2129 3572 nou

199 3594 303 3654 nasot
332 3592 458 3668 4³⁷⁶·
1141 3595 1342 3670 instituamw
1364 3595 1639 3688 disputationem
1679 3599 1724 3669 de
1766 3600 1904 3670 viribus
1942 3614 2131 3690 astronom,

1141 3695 1346 3790 praesertim
1362 3721 1441 3767 cum
1456 3695 1678 3770 Ptolemaeus
1693 3701 1767 3796 ipse
1783 3703 1821 3772 in
1836 3698 1945 3774 huius
1960 3701 2044 3774 libri
2059 3705 2129 3774 ini-

93 3749 327 3830 Clarissimo
343 3749 450 3838 Vimr
473 3747 660 3848 ⁸⁰Pi⁶¹⁸¹la
677 3757 708 3820 θ’
726 3747 1089 3846 ‘'i'‘“im‘mmli'
1141 3799 1191 3868 tio
1210 3797 1340 3869 refutet
1360 3799 1557 3892 cyclopicos
1578 3823 1772 3889 sermones,
1799 3805 1928 3900 quibus
1948 3801 2034 3877 haec
2055 3819 2128 3881 tota

90 3857 303 3930 Era-“⁷²⁰
333 3852 541 3938 Ehnmr
582 3851 758 3924 S‘Wm
791 3850 950 3948 'mista‘
985 3849 1089 3922 “rbi“
1141 3898 1303 3970 doctrina
1330 3897 1492 3971 furenter
1523 3901 1722 3975 deridetur:
1760 3919 1880 3976 tamen
1915 3908 2129 4000 experientia

421 3947 652 4050 Noribugas
667 3955 703 4028 s·
719 3953 764 4029 D·
1141 4001 1326 4071 ’03ΰῖἷὸῑο
1352 4001 1523 4082 ⁰⁸i⁰¹¹diir
1551 4003 1706 4098 aliquam
1728 4027 1802 4077 esse
1823 4008 1895 4077 vim
1919 4009 2067 4080 luminis¹
2091 4011 2128 4080 in

91 4097 350 4186 certissimum
372 4119 442 4186 est,
465 4105 690 4196 sapientiam,
716 4103 935 4175 intellectum
960 4127 1087 4174 nume—
1141 4102 1338 4172 mutatlone
1352 4103 1445 4172 a'e'ris
1462 4113 1495 4172 ct
1511 4103 1550 4172 in
1567 4127 1756 4198 corporum
1772 4123 1974 4183 nostrorum
1994 4125 2129 4201 tempe-

99 4235 241 4293 mrum,
280 4207 438 4302 opdinis,
471 4206 661 4275 discrimen
688 4201 918 4276 honestorum
947 4220 980 4277 et
1013 4220 1089 4277 tur·
1141 4203 1320 4276 ramentis.
1371 4199 1419 4275 Et
1434 4199 1520 4275 haec
1540 4205 1672 4277 multae
1692 4209 1941 4282 inclinationes
1962 4213 2000 4281 in
2019 4213 2135 4281 mot·i-·⁸

94 4311 221 4406 pium,
241 4333 363 4382 rerum
381 4307 578 4378 salubrium
601 4322 637 4377 et
655 4309 911 4392 insalubrium,
938 4308 1088 4378 illustria
1142 4307 1208 4376 tou
1242 4316 1451 4398 sethtntur.
1510 4304 1734 4402 Quamquam
1769 4311 1879 4401 igitur
1909 4337 1973 4383 nec
2005 4337 2128 4382 enarres

90 4413 302 4490 testintoaia
323 4433 397 4482 esse
418 4411 462 4485 tie
484 4411 550 4488 duo
567 4421 601 4483 et
616 4411 660 4480 de
682 4409 917 4500 providentia.
969 4407 1090 4496 Quare
1141 4419 1287 4476 eventus
1310 4421 1483 4497 reguntur
1502 4431 1522 4480 a
1544 4415 1848 4504 temperamentis,
1868 4437 1932 4484 uec
1953 4413 2128 4502 siguifica-

85 4517 271 4590 amandoe
296 4525 380 4584 sunt
404 4525 496 4583 artes
520 4535 594 4580 non
614 4511 730 4582 solum
751 4526 896 4604 propter
910 4511 1089 4596 utilitates,
1141 4509 1256 4579 tiones
1276 4528 1399 4600 omues
1422 4521 1527 4580 notae
1547 4525 1649 4598 sunt,
1677 4513 1792 4584 ιειιιειι
1817 4513 2128 4610 quantulacunque

83 4641 182 4714 quaa
211 4619 307 4692 vitat
334 4611 519 4688 hominum
549 4613 735 4697 adierunt,
776 4615 838 4684 sed
866 4611 969 4684 etiam
998 4608 1088 4682 lranc
1142 4605 1226 4680 haec
1242 4628 1321 4700 para
1336 4623 1407 4695 est,
1433 4636 1524 4705 quae
1537 4612 1809 4701 significationes
1823 4641 1861 4685 ex
1878 4611 2030 4708 physicis
2045 4641 2128 4686 cart-

86 4722 210 4816 ipsam
236 4740 397 4799 musam,
429 4714 513 4810 quia
536 4728 570 4786 et
599 4739 674 4784 esse
697 4715 1019 4793 darnestautur,
1054 4729 1090 4785 et
1140 4713 1187 4780 sis
1210 4711 1459 4796 ratiocinatur,
1492 4713 1585 4784 vitae
1611 4717 1710 4786 utilis
1733 4729 1783 4787 est
1808 4717 1845 4784 in
1866 4715 1987 4786 multis
2010 4719 2128 4795 rebus.

88 4823 313 4900 mimium,
345 4817 461 4912 quilii
488 4815 552 4900 ³lis
590 4816 754 4898 videlicet
781 4816 940 4907 sapiens,
975 4840 1089 4901 verax,
1141 4813 1250 4884 tttuttt
1273 4815 1391 4884 morbi
1411 4813 1596 4904 diligentia
1619 4817 1723 4886 vitari
1744 4829 1806 4886 aut
1833 4815 1936 4886 leniri
1962 4833 2128 4910 possunt,

88 4925 298 5008 beneficus,
324 4931 458 5005 castus,
484 4918 613 4988 vindex
632 4919 820 5004 scelerum,
847 4931 1003 4995 servator
1020 4911 1088 4988 hu·
1139 4915 1170 4985 si
1184 4915 1262 5010 quis
1277 4915 1435 5006 corporis
1450 4929 1764 5008 temperamentum
1777 4919 2014 5010 recteaspicit.
2038 4919 2127 4991 1²0³.

92 5049 227 5096 manae
268 5035 414 5094 naturae
453 5028 487 5092 ει
527 5035 643 5098 custos
688 5015 862 5106 legitimae
900 5019 1087 5098 societatis,
1139 5031 1221 5088 euru
1246 5029 1280 5086 et
1302 5029 1449 5096 eventus
1470 5019 1582 5106 magi,
1605 5017 1732 5106 placidi
1753 5019 1875 5112 „qup'
1899 5019 2022 5118 quup,
2042 5045 2128 5110 pro-

93 5125 223 5218 ΟΜ
249 5139 283 5196 0²
306 5119 408 5194 ΡῙὸῑθ
432 5121 633 5193 dulcissime
656 5119 764 5205 dixit,
797 5135 929 5210 gratum
951 5123 996 5191 tle
1021 5121 1088 5192 deo
1138 5117 1289 5208 spiciam
1308 5117 1462 5209 pericula
1481 5141 1602 5186 coecos
1622 5117 1772 5209 impetus
1790 5122 1969 5212 reprimat.
2019 5119 2129 5194 Nulla

90 5229 230 5300 famam
254 5225 294 5298 in
310 5223 447 5296 artibus
462 5246 617 5316 sparsam
645 5245 729 5294 esse.
780 5215 831 5294 Ut
855 5236 973 5293 autem
996 5235 1087 5292 artes
1139 5219 1308 5311 plantula,
1330 5241 1534 5312 quanquam
1548 5233 1674 5308 spreta,
1695 5233 1824 5292 temere
1839 5223 2006 5308 nuscitur,
2026 5224 2128 5294 nulla

88 5327 316 5400 monstravit
335 5328 421 5398 deus
446 5318 602 5394 humano
623 5321 761 5414 generi,
786 5321 834 5395 ita
857 5345 918 5394 sua
935 5345 1001 5414 ope
1017 5323 1087 5392 mi·
1138 5345 1211 5392 non
1226 5323 1270 5390 ad
1286 5333 1400 5391 certos
1415 5333 1449 5390 et
1463 5339 1609 5408 magnos
1623 5343 1708 5392 usus
1723 5323 1846 5392 divino
1861 5323 2011 5394 consilio
2029 5324 2128 5392 ordi-

87 5433 264 5504 rabiliter
277 5451 337 5502 eat
353 5438 553 5508 conservat,
577 5449 623 5495 ue
640 5425 680 5496 in
694 5424 800 5498 tantia
816 5424 1087 5496 confusionibus
1135 5435 1218 5494 nata
1240 5433 1312 5507 est,
1333 5443 1377 5494 as
1396 5419 1592 5492 novistimi
1614 5423 1732 5494 morbi
1754 5447 1821 5518 ope
1846 5423 2047 5514 vulgarium
2061 5423 2128 5520 {rc-
