4808 6176
223 303 296 376 tte
396 357 400 366 .
784 301 1217 379 EPISTOLARUM
1270 305 1487 386 Ltuxtt.
1540 307 1673 392 1555.
2194 323 2269 398 tte

225 481 350 547 iectarn
369 499 444 548 esse
457 479 555 549 cruci
569 475 780 561 Ecclesiam,
806 491 841 550 et
858 480 993 550 interea
1017 503 1094 550 eam
1108 478 1219 548 mira·
1271 492 1306 550 et
1327 503 1495 552 mensam·
1511 483 1665 556 tribuas:
1695 501 1730 559 et
1751 489 1941 582 pollicetur
1962 515 2000 566 se
2023 507 2164 580 gratum
2181 497 2269 568 fore.

224 581 344 650 biliter
356 581 508 662 servari,
534 595 574 652 ut
588 583 821 674 praesentiam
838 579 905 654 Dei
923 582 962 650 in
976 577 1134 652 Ecclesia
1149 581 1220 649 mi-
1271 579 1311 649 ld
1337 583 1368 651 si
1395 584 1472 654 fieri
1497 609 1573 656 non
1602 591 1750 680 poterit,
1781 615 1863 683 agas
1892 619 1973 665 curn
1993 584 2267 694 Christophoro

223 685 355 752 randae
370 683 599 754 liberationes
614 687 817 756 ostendant.
869 681 965 754 Haec
982 685 1132 774 cogites,
1157 707 1219 752 re·
1270 677 1481 760 Pannonio.
1531 686 1587 759 De
1612 693 1778 784 pecunia,
1812 697 1898 768 scito
1923 723 1979 768 me
2004 696 2099 768 nihil
2123 723 2167 769 ex
2187 703 2269 772 aula

223 785 308 870 lim,
341 810 406 854 nec
429 787 602 876 frangaris
626 787 765 872 animo,
797 787 880 880 quia
896 788 977 857 vult
991 811 1057 856 nos
1073 787 1169 858 Deus
1184 797 1220 855 et
1270 781 1511 881 Sigismundi
1531 795 1721 884 accepisse:
1755 818 1820 868 nec
1840 799 1943 870 valde
1965 804 2152 887 contendi,
2186 823 2267 873 cum

223 888 402 957 moderari
417 889 577 974 dolores,
599 904 634 960 et
648 913 772 982 operas
786 913 850 960 suo
867 913 1044 983 quemque
1058 891 1137 960 loco
1152 891 1219 958 bo·
1271 901 1303 958 te
1321 906 1594 982 expectaremus.
1614 894 1713 970 Bene
1728 913 1764 972 et
1777 901 1928 974 feliciter
1941 905 2031 989 vale,
2048 919 2083 975 et
2098 907 2269 977 rescribe.

224 1013 367 1059 uacum
392 1014 452 1081 spe
472 993 603 1077 facere,
629 993 720 1064 sicut
734 991 867 1062 Paulus
887 992 1019 1084 inquit:
1045 990 1129 1062 Non
1151 991 1219 1060 erit
1269 989 1338 1062 Die
1357 994 1415 1070 18.
1431 991 1579 1089 Aprilis.

222 1092 340 1162 inanis
360 1093 461 1164 labor
483 1107 597 1164 vester
619 1095 659 1164 in
680 1094 850 1167 Domino.
903 1093 1033 1179 Vides,
1065 1095 1105 1163 in
1127 1119 1217 1186 quae
1606 1131 1613 1146 ·
1762 1099 1965 1198 Philippus
1986 1101 2215 1181 Melanthffl,

222 1208 383 1286 tempora
410 1195 653 1268 inciderimus.
714 1197 842 1283 Vides,
871 1221 978 1290 quam
1005 1196 1218 1267 mirabiliter

222 1320 289 1367 nos
311 1311 346 1368 ct
369 1292 497 1367 harum
514 1300 700 1389 regionum
715 1296 891 1370 Ecclesias
912 1301 1054 1384 texerit,
1081 1298 1217 1370 etiamsi
1277 1333 1624 1351 ---—-——---

221 1399 359 1492 aliquas
379 1423 565 1470 aerumnas
587 1403 680 1472 ferre
697 1423 771 1472 ¹nos
788 1403 883 1484 vult,
906 1414 947 1471 ut
965 1402 1217 1472 exsuscitemur
1601 1443 1606 1454 ·

221 1502 264 1570 ad
281 1501 555 1572 invocationem.
605 1501 659 1572 De
682 1501 739 1573 his
759 1529 833 1573 non
850 1497 1116 1595 Philosophieis
1129 1528 1217 1573 con-
1269 1491 1336 1568 No·
1353 1491 1469 1571 5772.
2100 1523 2160 1586 18.
2175 1519 2257 1603 Ape.

219 1603 469 1690 solutionibus,
495 1607 557 1674 sed
574 1606 747 1676 divinitus
760 1607 901 1676 traditis
917 1606 1070 1695 cogitare
1088 1621 1123 1677 te
1139 1630 1216 1674 ma·
1276 1590 1448 1619 Μ
1565 1637 1574 1652 ·
2083 1608 2259 1640 “⁹“

219 1704 294 1790 lim,
317 1729 424 1798 quam
440 1708 627 1798 indulgere
642 1709 761 1778 dolori
774 1709 897 1780 animi.
924 1703 1095 1800 Exempla
1109 1710 1214 1779 etiam
1597 1685 1652 1774 Ρ.
1677 1689 1723 1772 V
1718 1693 1931 1778 1110811110.

217 1807 359 1878 intuere
383 1811 571 1880 universae
587 1807 783 1896 Ecclesiae,
817 1825 852 1883 et
865 1807 973 1880 huius
987 1810 1163 1905 Principis
1181 1823 1215 1880 et

218 1907 415 1992 Dominae,
449 1935 602 2004 quorum
631 1912 802 2004 imagines
827 1914 943 1989 mitto.
995 1911 1093 1984 Bene
1124 1914 1214 1987 vale.

217 2007 286 2081 Die
308 2011 365 2084 17.
381 2011 519 2104 Aprilis
539 2008 649 2090 1555.
1546 2013 1683 2091 Petro
1713 2017 1980 2096 Vincentio.

726 2112 1160 2212 PhilippusMelanthon.
1266 2145 1315 2234 S·
1342 2159 1388 2236 D·
1439 2147 1642 2236 clarissime

1370 1857 1393 1925 †
1413 1856 1450 1910 Er
1465 1877 1558 1930 apogr.
1577 1862 1605 1914 iu
1618 1861 1681 1920 cod.
1695 1861 1780 1920 Paris.
1796 1863 1829 1921 D.
1842 1863 1874 1918 L·
1890 1867 1923 1920 51
1933 1873 1956 1921 ³.

1663 2165 1721 2239 vir
1749 2182 1783 2239 et
1812 2171 1930 2246 cariss.
1953 2173 2072 2250 frater.
2125 2175 2259 2269 Magno

1266 2264 1444 2334 indolere
1466 2289 1563 2352 sum,
1590 2293 1653 2359 ego
1672 2285 1707 2342 et
1722 2271 1874 2363 collegae
1893 2277 2005 2346 nostri
2030 2278 2070 2348 in
2085 2273 2154 2350 hac
2169 2279 2264 2352 Aca-

1266 2367 1402 2450 demia,
1436 2381 1580 2460 propter
1603 2372 1726 2441 infelix
1748 2375 1817 2444 iter
1839 2389 1958 2462 tuum,
1984 2403 2025 2448 ac
2045 2380 2162 2450 filium
2181 2380 2266 2469 Dei,

216 2518 249 2588 N
307 2514 405 2588 5771
1046 2467 1053 2479 '
1131 2527 1162 2590 Α
1265 2470 1447 2538 custodem
1470 2466 1647 2542 Ecclesiae
1670 2499 1753 2545 suae
1774 2478 1866 2548 veris
1894 2479 2083 2568 gemitibus
2104 2495 2268 2572 oramus,

226 2543 421 2641 ξω·
474 2587 475 2592 ¹
1065 2536 1211 2648 Q
1264 2582 1306 2639 ut
1322 2571 1435 2640 cruris
1449 2575 1668 2644 curationem
1683 2579 1843 2664 adiuvet,
1869 2595 1903 2652 et
1917 2581 1984 2652 tihi
1997 2583 2110 2654 animi
2128 2600 2166 2657 et
2182 2613 2265 2658 cor-

561 2717 567 2732 .
582 2723 622 2808 G
663 2722 779 2811 Sub,
1266 2673 1361 2762 poris
1374 2673 1467 2742 vires
1483 2691 1616 2766 augeat.
1658 2677 1739 2768 Qua
1754 2683 1875 2752 realia
1890 2684 2053 2756 absentes
2068 2694 2264 2762 ostendere

623 2777 633 2800 ⁰
760 2750 848 2809 ²²⁸⁰·
1264 2775 1550 2846 benevolentiam
1575 2795 1732 2852 nostram
1752 2787 1963 2875 possumus?
1988 2784 2041 2858 Ac
2062 2812 2264 2882 speramus,

284 2901 382 2956 Manlii
402 2900 501 2972 sarrag.
519 2921 545 2976 p.
558 2901 688 2976 saabsq.
715 2931 748 2946 ,,
788 2900 832 2957 D,
857 2901 994 2957 mucleto
1015 2903 1068 2958 ,pp
1090 2903 1161 2960 intra
1181 2906 1209 2966 d.
1263 2876 1342 2946 istic
1356 2878 1424 2948 tibi
1439 2899 1513 2949 non
1530 2883 1648 2952 deesse
1668 2889 1834 2960 medicos.
1887 2887 2073 2962 Scribebat
2088 2887 2263 2965 Boratin-

318 2971 344 3026 6.
360 2971 419 3026 tun.
436 2970 464 3027 b.
482 2990 506 3025 ι.
842 3063 845 3069 r
958 3005 962 3012 ·
1260 3001 1353 3071 gas,
1386 2981 1442 3050 vir
1464 2985 1635 3073 optimus,
1669 2990 1766 3058 etde
1793 2989 1857 3059 illo
1882 2990 1973 3063 tristi
2001 3017 2084 3064 casu
2108 3010 2196 3084 tuo,
2228 3015 2261 3068 et

215 3119 416 3200 clarissim
467 3129 543 3200 ,570
589 3125 642 3200 D·
670 3097 803 3202 GW'
833 3128 877 3200 5⁰
902 3127 1086 3203 Sabino
1262 3105 1360 3200 spem
1375 3087 1582 3156 ostendebat
1595 3088 1708 3159 felicis
1726 3093 1929 3178 curationis,
1951 3095 1996 3164 de
2010 3119 2082 3188 qna
2095 3115 2140 3170 ut
2155 3102 2261 3171 nobis

421 3154 442 3201 ⁰
553 3185 564 3216 ’
796 3155 824 3225 g
1094 3189 1105 3220 ’
1144 3158 1209 3228 μ’
1261 3187 1413 3270 scrrbas,
1443 3189 1545 3258 valde
1568 3203 1603 3260 te
1629 3215 1692 3262 oro
1710 3185 1759 3290 *).
1810 3193 1909 3265 Bene
1934 3209 1969 3267 et
1993 3199 2149 3272 feliciter
2169 3205 2256 3276 vale.

216 3255 302 3303 nero
322 3227 651 3326 soocharissimo,
687 3230 728 3302 in
753 3228 953 3304 Academia
973 3229 1209 3336 Francosor-
1260 3283 1390 3360 Die18
1419 3285 1555 3382 Aprilis

489 3331 608 3406 diana
622 3334 847 3433 proseswrt'.
873 3344 934 3410 ⁶¹⁶·
1946 3397 2154 3496 Philippus.

215 3485 264 3572 S.
290 3497 336 3571 D.
385 3497 630 3570 Certissimum
649 3511 719 3582 est,
744 3495 819 3569 Deo
836 3521 940 3567 curae
964 3519 1036 3567 esse
1054 3497 1208 3568 familias

214 3603 420 3672 invocantes
447 3626 539 3674 eum.
588 3596 708 3687 Quare
730 3613 763 3670 te
787 3613 820 3669 et
844 3613 922 3672 tuos
943 3595 1113 3670 hactenus
1136 3602 1207 3670 cle·
1263 3624 2252 3660 —-··-----—--——------

214 3716 352 3773 menter
373 3703 540 3796 protexit:
568 3713 603 3770 et
626 3713 666 3770 ut
690 3701 856 3793 deinceps
878 3715 912 3772 te
930 3715 965 3772 et
987 3715 1068 3771 tuos
1086 3717 1206 3794 prote·
2048 3779 2054 3796 ,

213 3819 286 3896 gat,
321 3817 396 3874 toto
417 3829 497 3874 eum
528 3817 668 3896 pectore
693 3829 770 3878 oro.
821 3800 899 3874 Oro
924 3803 1050 3888 etiarn,
1080 3818 1120 3874 ut
1146 3801 1206 3874 hic
1257 3783 1453 3860 Nostra.
2093 3812 2248 3898 19.Apr.

215 3907 351 3980 reditus
368 3920 450 3976 tuus
466 3907 504 3974 in
522 3906 691 3998 patriam,
718 3906 784 3978 tihi
802 3931 841 3976 ac
858 3907 929 3977 tuis
944 3909 1078 3976 faustus
1094 3907 1139 3976 sit
1156 3900 1205 4000 ⁴¹).
1264 3883 1436 3914 Μ
2075 3905 2255 3933 “⁰''

213 4010 326 4102 Spero
350 4022 383 4078 te
406 4009 634 4102 tranquillius
656 4009 695 4077 in
726 4004 783 4078 his
808 4009 895 4098 locis
917 4009 1095 4079 victurum
1117 4033 1204 4095 csse,
1294 4095 1298 4102 ⁵
1570 3997 1647 4086 Ch.
1675 3997 1924 4091 [1015816111.

212 4137 319 4205 quarn
343 4111 381 4178 in
407 4109 468 4180 illa
491 4109 662 4178 aurifabri
683 4113 890 4206 tyrannide,
922 4111 1073 4182 saeviori
1095 4137 1203 4206 quam

210 4213 278 4284 fuit
302 4213 401 4302 figuli
426 4205 630 4303 Agathoclis
653 4215 825 4306 tyrannis.
884 4211 1022 4284 Literas
1042 4229 1121 4285 ate
1143 4239 1203 4284 ex-

212 4329 311 4406 pecto
329 4328 363 4384 et
381 4315 514 4406 flagito.
565 4312 670 4384 Nunc
691 4315 758 4384 tibi
773 4317 982 4396 commendo
998 4317 1203 4387 adolescen-
1256 4323 1437 4424 Epistola
1461 4329 1534 4410 Ph,
1552 4331 1685 4413 Mad
1703 4335 1758 4414 D·
1786 4329 1853 4410 01,
1863 4339 2067 4416 mmm
2095 4341 2133 4418 G
2144 4348 2260 4422 old·

211 4431 281 4487 tem
303 4419 480 4502 nobilem,
507 4415 1109 4588 natunlripnlflamilissll'opperanicp,
1135 4414 1202 4489 ho·
1576 4439 1701 4510 5205„
1727 4441 1916 4520 morem·

210 4533 307 4591 nesta
324 4535 390 4592 ets
416 4521 578 4604 lendida,
668 4542 693 4587 a
740 4542 801 4588 um
872 4517 914 4586 iic
944 4541 998 4599 er,
1024 4545 1066 4590 va
1084 4522 1126 4590 de
1143 4521 1201 4590 in·
1454 4590 1501 4608 ,,
1771 4597 1829 4615 ..
2055 4604 2063 4619 Ι
2227 4605 2239 4630 .

210 4545 692 4796 ...1....1
806 4633 898 4794 aa
1250 4569 2263 4794 turstatttt⁰¹tuaatu²aaa

211 4746 415 4792 marcene
500 4747 765 4812 raecrcen,e
845 4745 941 4792 arne
974 4746 1030 4793 me
1058 4747 1201 4794 mercer
1431 4795 1440 4811 ,
1507 4796 1515 4812 ‚
1638 4799 1647 4816 ‚
1715 4750 1728 4784 ³
1983 4806 1992 4824 ι

209 4825 348 4904 scribit,
375 4837 410 4896 et
423 4839 517 4897 amat
532 4827 755 4920 eloquentiae
774 4840 809 4898 et
824 4819 1053 4897 historiarum
1071 4825 1198 4898 studia.
1251 4813 1353 4964 lefat‘}
1366 4812 1558 4884 ⁵³P¹²¹¹¹¹³⁸
1573 4811 1608 4868 ei
1622 4799 1805 4972 'zifflfflm
1820 4827 1902 4945 ium
1916 4821 2069 4896 miliare
2092 4821 2127 4878 ¹²
2141 4833 2261 4928 {³⁰}st

207 4923 352 5046 Expetit
375 4938 411 4995 et
433 4927 693 5047 familiariatem
715 4941 813 4998 tuam
835 4927 918 5023 styli
936 4951 1058 5046 cansa,
1081 4942 1121 5000 ut
1136 4941 1198 5000 tuo
1251 4915 1464 5064 et¹⁸q¹¹¹¹⁹¹⁰2
1490 4921 1592 5018 ⁵95⁰
1615 4913 1641 4972 ²¹
1670 4906 1857 5024 ¹P³jfi²¹l⁶⁵
1879 4932 2080 5003 quanquam
2101 4934 2263 5032 ⁸¹¹ffq³³

209 5031 341 5098 rudrcro
366 5028 495 5098 formet
516 5043 733 5100 orationem:
760 5054 800 5100 ac
824 5043 924 5121 pater
945 5054 1002 5099 vrr
1021 5023 1199 5115 honestus,
1251 5017 1269 5063 Β
1301 5021 1336 5064 ¹³¹
1352 5020 1389 5066 ²⁸
1403 5023 1490 5092 ‘1⁰³⁸
1506 5013 1627 5082 ‘mim’
1653 5029 1730 5076 ”⁰¹¹
1751 5021 1905 5097 wilm
1923 5033 2010 5082 ⁰³⁸⁰·
2058 5009 2126 5082 Est
2146 5039 2261 5090 ‘mm

209 5131 310 5202 valde
326 5145 359 5202 te
374 5143 463 5214 orat,
485 5143 526 5200 ut
539 5123 795 5205 habitationem
809 5133 882 5203 tilio
899 5132 938 5201 in
955 5133 1103 5204 aedibus
1117 5132 1199 5220 tuis,
1250 5115 1450 5220 Pemlf‘fm
1474 5102 1539 5172 'ibi
1560 5105 1701 5175 ³¹¹im¹¹⁸
1722 5133 1821 5180 “¹⁰⁰⁸
1843 5112 1984 5202 publia
2006 5125 2042 5182 Εἰ
2060 5113 2261 5206 Privatim·

1249 5195 1390 5270 Servrvr
1403 5199 1582 5274 Ecclesiae
1596 5219 1631 5278 ct
1646 5211 1773 5280 studiis
1790 5213 1960 5284 mediocri
1972 5217 2183 5304 sedulitate,
2215 5237 2262 5294 et

1245 4215 1246 4219 ,
1323 4170 1346 4240 †
1364 4170 1402 4226 Ex
1419 4192 1512 4247 apogr.
1530 4177 1592 4234 cod.
1610 4177 1705 4236 Mehn.
1723 4185 1746 4236 l.
1764 4199 1808 4254 cp.
1820 4183 1880 4239 280.

208 5317 416 5331 m!

1246 5387 1451 5400 *—

241 5435 271 5506 *)
291 5435 406 5559 Propter
426 5435 484 5489 lites
504 5433 680 5519 Quiandricss
698 5436 814 5492 Sabinus
833 5438 973 5496 Prussianr
988 5439 1121 5516 reliquit,
1148 5453 1194 5500 'sc-
1830 5509 1848 5526 ..

274 5523 326 5577 que
367 5504 574 5561 rancofordrrur
591 5506 625 5559 sd
645 5505 778 5560 Vndrnm
799 5507 925 5565 contulit.
1280 5511 1310 5579 *t
1332 5505 1377 5560 Cf.
1392 5523 1436 5579 ep.
1450 5505 1484 5560 ad
1499 5505 1597 5580 Chytr.
1612 5507 1640 5564 d.
1654 5509 1682 5567 cl.
1696 5513 1741 5568 20.
1756 5511 1847 5566 Marta
1865 5511 1940 5567 1511.
