4814 6172
233 235 303 316 tar
699 257 708 270 ·
760 225 765 236 '
809 233 1246 313 ttets‘ronatttttu
1300 235 1523 316 ntuxtt.
1574 235 1709 316 tona.
2203 248 2276 324 tec

231 418 403 488 solatione
425 427 675 486 sustentemus.
724 409 837 482 Multi
860 425 986 503 putant
1008 407 1225 500 tragoediam
1274 407 1402 480 itinere
1423 433 1460 480 se
1481 413 1527 481 ad
1550 434 1613 482 vos
1635 425 1825 484 venturum
1849 435 1934 488 esse.
1999 411 2152 504 Narrat,
2186 420 2275 490 duos

232 533 428 591 secuturam
453 541 527 588 esse
552 513 688 609 ὅμοιαν
708 517 777 586 τοῦ
794 510 974 606 Ἆντιυχῇ.
1027 509 1099 584 Sed
1119 509 1226 605 quid-
1274 511 1514 583 adolescentes
1534 507 1783 585 Northusanos
1807 515 1846 584 in
1868 511 2037 587 Scholam
2063 510 2273 590 Portensem

231 624 316 716 quid
333 622 401 693 erit
418 619 492 689 lilio
508 620 575 690 Dei
590 642 657 688 nos
671 618 969 688 commendemus.
1275 629 1431 704 receptos
1449 639 1521 686 esse
1537 617 1707 686 beneficio
1724 615 1960 688 llluslrissimi
1973 617 2148 694 Electoris
2162 621 2274 695 Ducis

332 722 474 814 Quaeso
491 737 532 794 ut
546 719 711 792 Doctoris
727 711 913 788 Leonorti
925 717 1067 808 inopiae
1085 715 1225 784 miseri·
1275 709 1475 786 Mauricii.
1526 715 1575 788 Et
1590 713 1690 809 spani
1707 743 1780 790 esse
1796 721 1924 790 factam
1941 723 2178 794 confirmandi
2198 726 2272 798 eius

230 823 593 897 cordiaadficiamini.
632 821 815 912 Quantum
833 821 970 911 potuit,
996 815 1225 888 hievendere
1274 817 1454 904 beneficii,
1488 846 1568 892 cum
1590 819 1672 892 Dux
1694 819 1870 892 Saxouiac
1899 825 1946 896 sit
1976 827 2142 898 dolensor
2164 825 2272 898 Urbis

230 929 365 999 reditus
386 952 475 1022 quos
495 922 620 1011 habet,
656 939 801 996 conatus
826 937 887 995 est.
955 919 1131 1015 Sed‘quia
1158 915 1225 988 hoc
1274 915 1510 1008 Northusen,
1558 935 1593 992 et
1625 917 1753 994 habeat
1785 926 1837 994 ibi
1869 926 1939 996 alia
1972 929 2147 1020 quaedam
2183 929 2272 1004 iura.

229 1045 387 1122 tempore
404 1045 466 1102 aut
481 1025 602 1110 habet,
630 1041 689 1102 aut
704 1037 835 1096 emeret
850 1023 988 1096 etiamsi
1001 1017 1148 1092 haberet
1162 1046 1224 1112 pe·
1276 1021 1379 1093 Nunc
1413 1039 1492 1094 orat
1524 1023 1694 1110 Senatus,
1740 1027 1944 1096 confirmari
1976 1029 2014 1098 id
2048 1031 2272 1112 beneficium,

230 1134 383 1208 cuniam.
434 1131 543 1202 Plura
565 1130 715 1202 scribam
737 1129 835 1198 alias.
886 1125 992 1196 Nune
1004 1123 1136 1196 Filium
1157 1121 1224 1193 Dei
1275 1127 1358 1216 quia
1390 1127 1512 1196 literae
1536 1127 1817 1198 confirmationis
1838 1129 2029 1221 impeditae
2047 1147 2139 1204 ‹sunt
2157 1149 2271 1206 morte

229 1250 344 1305 tecum
362 1245 490 1305 etcum
507 1247 620 1304 vestra
638 1227 797 1302 Ecclesia
815 1241 851 1300 et
865 1243 925 1300 tua
944 1227 1132 1300 domestica
1150 1251 1224 1308 oro,
1276 1225 1456 1300 lllustriss.
1477 1225 1651 1300 Electoris
1668 1229 1781 1300 Ducis
1797 1227 1992 1302 Mauricii.
2047 1233 2177 1305 Totam
2195 1261 2271 1306 rem

228 1351 270 1408 ut
283 1362 345 1407 vos
361 1349 395 1408 et
409 1359 473 1405 uos
487 1349 656 1430 protegat.
706 1331 804 1403 Beue
820 1332 906 1406 vale.
959 1321 1223 1424 Dielacobi*).
1275 1331 1325 1400 ait
1349 1346 1470 1401 notam
1493 1356 1566 1402 esse
1581 1329 1788 1404 Clarissimo
1804 1335 1902 1416 viro,
1929 1337 2118 1407 nobilitate
2132 1341 2272 1428 generis

917 1427 1120 1524 Philippus

225 1663 338 1678 ...naa—n-
923 1655 1223 1667 ——n——u--u——u-

222 1793 294 1868 tto.
313 1791 426 1867 otto.

229 1891 434 1920 *m

1092 1799 1149 1861 25·
1164 1793 1221 1856 lul.

1086 1887 1220 1916 Μ

534 1998 600 2084 lo.
630 1995 908 2082 Ptncotomo.

330 2163 414 2235 opto.
433 2161 479 2216 us.
495 2159 541 2214 vr.
559 2178 586 2232 p.
599 2157 659 2213 aas.

303 2315 518 2392 Iohanni
541 2312 830 2487 Placentiam,
863 2311 1023 2384 Doctori
1048 2309 1143 2381 ortis

641 2443 695 2489 me
724 2442 811 2488 tene.

227 2559 274 2649 S.
299 2573 344 2648 D.
395 2571 539 2646 Clarias.
562 2573 619 2640 vir
638 2583 673 2640 et
688 2569 804 2640 cariss.
821 2567 939 2637 irater.
989 2561 1106 2634 Multa
1124 2563 1217 2632 vidi-

225 2702 305 2748 mus
319 2673 387 2748 hoc
404 2674 588 2768 septennio
606 2672 764 2763 exempla
780 2668 933 2758 insignia
952 2661 1129 2735 humanae
1146 2665 1217 2734 lra-

225 2780 379 2872 gilitatis.
431 2777 503 2850 Sed
517 2770 602 2846 haec
620 2797 734 2868 pugna
751 2771 925 2843 Saxonica
939 2769 1094 2838 tristiora
1112 2761 1217 2836 habet

225 2883 401 2974 exempla,
428 2903 534 2974 quam
556 2878 643 2947 anni
658 2873 862 2968 superioris.
913 2869 1003 2948 Nam
1021 2867 1127 2939 multi
1147 2869 1216 2938 viri

222 2983 331 3054 fortes
362 2980 538 3052 interfecti
563 2993 665 3058 sunt,
707 2991 741 3049 et
767 2977 806 3045 in
832 2975 906 3046 acie
931 2971 1117 3070 perierunt
1142 2973 1214 3040 duo

222 3083 404 3178 Principes
419 3085 484 3154 filii
498 3081 609 3154 Ducis
622 3078 904 3158 Brunsvicensia‚
929 3088 964 3145 et
975 3069 1075 3144 Dux
1089 3069 1214 3142 Saxo-

223 3185 307 3258 niae
332 3187 462 3258 vulnus
483 3185 635 3278 accepit,
661 3208 702 3252 ex
726 3207 796 3276 quo
818 3181 928 3250 biduo
950 3173 1029 3270 po'st
1050 3189 1215 3246 mortuus

222 3303 283 3364 est.
317 3287 404 3379 Legi
419 3287 671 3380 prognosticon
687 3298 767 3353 ante
783 3284 942 3376 quinque
957 3303 1070 3346 annos
1087 3279 1126 3345 in
1142 3302 1213 3370 quo

223 3392 392 3482 scriptum
415 3405 505 3474 erat,
537 3390 816 3476 gubernaturum
840 3405 913 3453 esse
935 3380 1084 3472 patriam
1100 3401 1214 3447 annos

222 3491 410 3562 duodecim
432 3505 466 3560 et
487 3491 617 3558 deinde
632 3489 671 3556 iu
687 3485 871 3578 peregrina
888 3496 980 3552 terra
998 3481 1213 3550 moriturum

222 3617 308 3668 esse.
334 3585 488 3662 Gnarus
504 3590 596 3660 redit
609 3590 648 3658 in
663 3589 778 3658 aulam
791 3579 1015 3655 Marchionis
1029 3577 1212 3656 [orannim

220 3693 303 3766 Non
319 3696 475 3766 succedit
491 3687 562 3764 W
558 3683 704 3760 itttctio
713 3683 794 3781 ”),
815 3689 860 3758 de
877 3701 911 3757 te
926 3685 1035 3775 igitur
1051 3685 1212 3753 scribam.

220 3793 318 3868 Beue
335 3797 422 3871 vale.
473 3793 541 3865 Die
558 3791 696 3876 lacobi,
723 3785 820 3865 Anu.
839 3786 950 3863 1553.

805 4013 1212 4025 —*ffl**

217 4165 284 4242 No.
301 4157 414 4243 5441.

217 4263 428 4294 Μ

1078 4161 1207 4282 Q.

514 4374 608 4459 vtr.
643 4368 914 4455 Mordiaion.

313 4540 398 4612 Epist.
418 4540 465 4595 lib.
480 4537 515 4591 V.
535 4556 561 4608 p.
577 4533 626 4588 ¹87
638 4551 678 4603 aq.

214 4695 253 4770 U
261 4697 380 4770 irico
423 4689 686 4777 Mordisin‚
727 4683 964 4761 Cancellorio
996 4681 1058 4762 Pr.
1085 4685 1204 4762 Elect.

602 4789 807 4864 Saxonioe.

212 4940 261 5027 S.
288 4949 333 5023 D.
383 4945 587 5021 Clarissima
617 4947 692 5032 vir,
734 4960 769 5016 et
801 4941 954 5014 Patrone
987 4939 1201 5016 charissime.

209 5051 288 5126 Etsi
310 5053 456 5146 exposui
473 5049 628 5146 Syndico
646 5042 893 5128 Northusano,
929 5069 991 5114 vos
1015 5040 1074 5113 hio
1098 5069 1202 5136 expe-

211 5157 317 5242 ctari,
350 5171 469 5230 tamen
496 5155 614 5224 literas
641 5177 660 5220 a
687 5175 743 5220 me
768 5148 956 5238 flagitavit,
992 5169 1135 5238 sperans
1163 5147 1200 5214 in

242 5369 274 5436 ¹¹)
293 5367 356 5424 Atta
374 5384 470 5422 manus
486 5359 644 5438 adscripsit:
669 5361 743 5416 1553.

242 5455 289 5528 ”l
307 5455 371 5511 Vid.
386 5453 463 5528 epist.
479 5451 507 5508 d.
522 5455 546 5507 l.
559 5445 642 5508 Maii.
659 5446 686 5501 lt.
699 5463 722 5500 a.

1274 1445 1308 1502 et
1333 1433 1464 1504 virtute
1482 1435 1673 1526 praestanti
1691 1433 1846 1506 Domino
1863 1425 2135 1534 Christophoro
2151 1464 2176 1510 a
2193 1427 2271 1508 Co-

1275 1529 1441 1609 rotenia.
1495 1533 1615 1624 Quare
1639 1561 1721 1616 oro,
1749 1551 1787 1608 ut
1811 1552 1965 1610 vetustae
1980 1537 2175 1612 Theodosii
2200 1539 2270 1613 Co-

1274 1637 1410 1722 loniae,
1445 1662 1535 1731 quae
1560 1652 1613 1709 tot
1636 1639 1706 1706 iam
1729 1640 1889 1711 seculisa
1906 1639 2068 1712 Ducibus
2083 1639 2270 1726 Saxoniae,

1273 1733 1517 1824 Electoribus,
1551 1741 1693 1809 dascusa
1718 1756 1786 1826 est,
1821 1756 1855 1812 et
1879 1745 2166 1816 benevolentiam
2190 1743 2271 1817 Du-

1274 1867 1354 1910 cum
1371 1841 1547 1912 saxoniae
1564 1843 1719 1912 officiose
1735 1843 1888 1914 retinere
1902 1847 2057 1932 studuit,
2083 1873 2159 1918 non
2175 1851 2270 1918 desi-

1274 1943 1329 2018 tis.
1378 1942 1464 2016 Fuit
1487 1945 1573 2014 olim
1588 1945 1792 2016 coniunctio
1809 1945 2015 2038 Principum
2034 1963 2069 2020 ct
2084 1950 2270 2023 civitatum

1272 2059 1307 2116 et
1329 2041 1478 2136 pulchra
1500 2061 1533 2118 et
1555 2047 1653 2128 utilis
1673 2048 1769 2137 paci,
1796 2074 1902 2142 quam
1918 2051 2072 2121 libenter
2089 2053 2183 2124 tueri
2207 2080 2270 2124 vos

1271 2172 1344 2218 non
1359 2150 1498 2224 dubito.
1549 2147 1646 2220 Beue
1663 2149 1786 2222 valete.
1837 2149 1905 2222 Die
1921 2151 1982 2227 50.
2000 2151 2094 2224 lulii.

2013 2267 2216 2365 Philippus.

2085 2515 2262 2526 «μω-ῃ

1279 2666 1346 2740 Νο.
1362 2662 1476 2739 6442.

1273 2763 1486 2801 Μ

2073 2677 2135 2754 ex·
2149 2671 2264 2760 turo.)

2079 2765 2251 2795 “a

1534 2871 1685 2956 Ioacle.
1716 2871 1995 2960 Camerarto.

1335 3052 1419 3125 Epist.
1434 3051 1467 3104 ed
1481 3051 1619 3107 Camerar.
1639 3070 1665 3124 p.
1678 3049 1728 3104 671
1743 3068 1783 3122 aq.
1804 3049 1857 3117 (ed.
1876 3049 1965 3103 lond.
1985 3047 2034 3103 lib.
2049 3049 2098 3103 IV.
2115 3065 2156 3120 cp.
2170 3049 2261 3122 810.).

1264 3217 1490 3296 Clarissimo
1514 3223 1591 3292 viro
1615 3217 1817 3292 eruditione
1843 3229 1875 3290 et
1900 3219 2029 3289 virtute
2049 3220 2265 3316 praestanti

1294 3319 1539 3396 lonchimo
1563 3314 1843 3394 Camerario
1861 3318 1990 3422 fratri
2005 3345 2074 3392 suo
2091 3321 2223 3392 carisa.

1265 3461 1313 3548 S·
1339 3473 1384 3549 D.
1435 3473 1602 3546 Clemens
1618 3471 1882 3544 Alexandrinus
1897 3496 2041 3543 versum
2060 3495 2134 3544 esse
2147 3467 2264 3544 Euri-

1263 3577 1358 3668 pidis
1380 3579 1486 3662 dicit,
1518 3577 1583 3648 etsi
1606 3601 1680 3646 non
1696 3577 1826 3667 opinor
1840 3575 1880 3644 in
1895 3569 1952 3644 his
1970 3573 2161 3668 tragoediis
2175 3599 2262 3662 esse,

1264 3703 1353 3772 quae
1375 3680 1532 3773 reliquae
1556 3692 1656 3749 sunt:
1690 3673 1792 3749 ἅπαν
1812 3672 1856 3749 τὸ
1874 3672 2059 3773 χρηστὸν,
2087 3671 2158 3770 τὴν
2173 3675 2263 3770 ἴσην

1263 3779 1335 3873 ἔχει
1356 3773 1483 3878 φύσιν.
1536 3780 1619 3852 Scio
1635 3794 1669 3850 te
1685 3803 1827 3872 quoque
1842 3774 1911 3848 hoc
1929 3777 2134 3848 dolcissimo
2151 3803 2261 3851 versu

1262 3883 1448 3968 delectari,
1479 3883 1563 3976 quia
1586 3897 1621 3954 et
1644 3876 1793 3952 honesta
1816 3877 2083 3959 sententiam,
2117 3894 2154 3951 et
2176 3895 2261 3952 tuae

1263 3985 1474 4076 integritatis
1497 3985 1613 4076 imago
1636 3997 1708 4068 est,
1737 3983 1893 4054 ostendit
1911 3996 2029 4052 autern
2053 3994 2087 4052 et
2103 3976 2264 4076 Stigelii

1262 4089 1451 4158 candorem
1472 4099 1506 4156 et
1531 4087 1717 4165 virtutem,
1752 4097 1922 4176 perpetua
1944 4108 2026 4175 erga
2049 4106 2114 4152 nos
2138 4083 2179 4152 in
2198 4080 2261 4156 his

1261 4204 1460 4284 temporum
1478 4187 1747 4259 confusionibus
1761 4186 1959 4257 constantia
1976 4185 2262 4272 benevolentiae,

1261 4293 1304 4362 de
1323 4317 1392 4386 qua
1410 4291 1442 4361 ei
1459 4303 1496 4360 et
1512 4291 1624 4360 debeo
1643 4301 1678 4359 et
1691 4283 1804 4358 habeo
1818 4289 1977 4378 gratiam.
2029 4283 2078 4357 Et
2092 4287 2261 4362 fruemur

1259 4393 1412 4464 amicitia
1433 4405 1555 4462 nostra
1576 4391 1615 4459 in
1631 4391 1887 4461 consuetudine
1910 4389 2046 4460 celestis
2063 4383 2261 4486 Ecclesiae,

1259 4519 1461 4590 quanquam
1493 4517 1589 4563 nuuc
1621 4516 1763 4585 quoque
1796 4505 1945 4560 nonest
1971 4495 2259 4564 contemnendus

1257 4599 1409 4680 fructus,
1450 4595 1512 4689 qui
1545 4594 1671 4666 studiis
1704 4596 1847 4684 prodest
1879 4605 2000 4662 nostra
2019 4593 2259 4688 coniunctio.

1257 4697 1338 4770 Scio
1361 4722 1442 4768 eum
1468 4721 1488 4766 a
1511 4709 1545 4765 te
1567 4719 1707 4788 quoque
1732 4693 1855 4783 diligi,
1887 4717 1996 4787 quare
2016 4705 2156 4783 gratum
2175 4694 2261 4766 sore

1257 4823 1482 4892 congressum
1497 4821 1572 4866 non
1588 4796 1724 4868 dubito.
1774 4793 1870 4866 Dedi
1886 4796 1919 4864 ei
1934 4795 2140 4866 fasciculum
2155 4796 2260 4868 litte-

1255 4926 1376 4972 rarum
1414 4899 1724 4976 Borussiacarum,
1769 4921 1875 4990 quem
1916 4897 2020 4986 legati
2061 4895 2259 4992 Turiugici

1254 5005 1458 5076 attulerunt.
1513 4999 1585 5072 Sed
1605 4993 1764 5068 Menios
1786 4993 1904 5068 adhuc
1926 4999 2053 5068 morbo
2074 5000 2258 5072 retinetur

1252 5105 1290 5174 iu
1308 5105 1372 5174 illo
1388 5100 1534 5174 horrido
1548 5103 1679 5188 littore.
1731 5095 1820 5170 Sum
1838 5097 1997 5170 solicitus
2011 5099 2055 5168 de
2071 5099 2149 5170 eins
2164 5103 2260 5178 vita.

1251 5205 1321 5276 Sed
1338 5231 1400 5277 oro
1418 5207 1529 5276 lilium
1545 5201 1627 5288 Dei,
1652 5218 1691 5272 ut
1707 5215 1741 5272 et
1754 5203 1873 5293 ipsum
1889 5216 2002 5272 servet
2018 5200 2260 5290 incolumem,

1250 5323 1282 5379 et
1308 5309 1419 5379 leniat
1443 5331 1566 5380 omncs
1590 5305 1805 5375 calamitates
1827 5303 1987 5395 publicas
2018 5317 2053 5374 et
2080 5306 2258 5395 privatas.

1249 5405 1293 5479 ln
1306 5410 1349 5480 iis
1365 5411 1451 5480 locis
1465 5411 1528 5479 ubi
1545 5419 1744 5502 pugnaturn
1758 5417 1811 5476 est
1825 5428 1867 5476 ea
1882 5407 2055 5494 sanguine
2070 5405 2256 5480 Titanum
