4654 6170
793 160 1073 240 ANNALES
1106 161 1295 242 visan
1323 163 1459 246 MEL.
1512 165 1647 247 toas.

272 392 304 457 Β·
336 385 405 452 nee
421 385 485 449 isra
500 378 742 448 damnatos
757 376 904 446 Drasdea
916 385 1126 467 prandeatur

245 521 305 591 26·
337 523 469 590 Moritur
484 519 659 586 Frisios-icus
674 521 834 584 Palatinus
851 519 982 586 Elector.

339 661 445 728 Petrus
462 661 587 746 Gonyna
602 657 754 724 Lituanus
770 657 967 776 Witebergae
982 676 1044 742 est,
1068 673 1097 723 et
1114 662 1226 744 spargit
1240 655 1409 724 Serreticos
1424 683 1545 726 errores.
1611 737 1620 756 .

277 925 309 988 1.
344 911 469 978 Cometa
491 914 673 995 conspicitur
694 933 789 995 prope
809 913 1068 994 προτρυγητῆρα,
1102 913 1255 975 caudam·
1246 933 1280 972 m
1293 907 1453 993 Belginum
1476 911 1666 994 protendens.
1696 947 1744 962 -
1795 907 1943 972 Ascendit
1960 923 2061 993 postea
2078 911 2119 972 ad
2136 907 2253 973 Arcta-

395 1053 483 1111 rum,
509 1032 753 1094 etadmincrem
774 1049 887 1093 arsum.
939 1025 1014 1091 Vid.
1030 1031 1126 1111 ep..d
1150 1039 1204 1099 13.
1219 1027 1298 1112 Apr.

252 1177 310 1241 11,
345 1160 419 1227 Met.
437 1164 609 1248 praefatur
599 1189 631 1226 ιιι
648 1158 789 1228 Tomum
804 1159 897 1224 Vlll
915 1183 988 1244 opp.
1005 1159 1136 1226 Lutheri
1150 1167 1390 1246 germanicorum
1403 1163 1441 1224 ad
1456 1159 1602 1228 loannem
1618 1161 1827 1228 Marchionem
1840 1161 2067 1246 Brandenburg.

345 1296 456 1362 Scribit
471 1301 508 1362 ad
521 1297 743 1364 Camertium:
774 1321 864 1378 „non
877 1303 1011 1380 petitione
1027 1303 1214 1362 carnificinae
1238 1301 1319 1384 apud
1342 1299 1456 1360 inferos
1481 1321 1566 1382 pares
1589 1313 1659 1362 sunt
1682 1321 1767 1362 meae
1788 1303 2044 1384 oamilicinaequa
2061 1302 2227 1360 excrucior

395 1418 555 1480 scribendis
570 1419 841 1502 disputationibus,
868 1419 1004 1498 legibus,
1030 1419 1284 1500 praefationibus,
1311 1419 1477 1502 epistolis.”

256 1569 315 1631 21,
348 1548 547 1628 Crnumerus,
574 1555 733 1634 episcopus
747 1546 989 1628 cantuariensis,
1017 1551 1200 1612 comburitur
1217 1557 1250 1612 in
1266 1552 1391 1634 Anglia.

255 1695 316 1764 24,
349 1681 516 1768 anusero,
543 1678 757 1745 concionatori
776 1680 958 1742 Ferdinandi
978 1687 1073 1764 regis,
1096 1685 1257 1767 respondet
1278 1690 1315 1750 ad
1332 1688 1385 1752 xl
1405 1697 1592 1776 quaestiones
1610 1693 1647 1756 de
1662 1713 1747 1754 causa
1762 1689 1933 1771 Evangelii.

260 1834 318 1898 25.
351 1817 424 1882 iter.
438 1817 475 1880 de
489 1821 698 1879 controversiis
723 1820 755 1876 in
769 1815 946 1878 Pomerania
965 1821 1067 1882 scribit
1079 1821 1115 1880 ad
1130 1817 1276 1882 Iacobum
1292 1821 1450 1910 Rungium
1464 1841 1493 1890 et
1504 1825 1713 1890 Erdmanausu
1728 1823 1940 1909 Cuperaicum.

353 1951 497 2016 Nicolsus
512 1947 618 2015 Gallus
630 1964 734 2014 contra
749 1946 978 2014 Menntnmsm
990 1957 1094 2016 scribit
1108 1955 1253 2018 delibare
1270 1963 1403 2026 arbitrio,

292 2609 326 2670 1,
359 2587 518 2654 intercedit
531 2590 611 2672 apud
626 2586 787 2650 Albertum
802 2585 921 2650 Ducem
937 2589 1074 2653 Prusaiae
1086 2617 1142 2675 pro
1159 2591 1283 2657 Sabino.

359 2726 637 2791 Schwenckieldius
655 2731 772 2808 scripsit
790 2737 893 2786 contra
909 2741 972 2790 acta
987 2725 1017 2790 N
1019 2733 1249 2813 orinbergensia.

288 2873 324 2935 7.
358 2865 430 2930 Mel.
446 2879 490 2928 est
509 2869 619 2927 iterum
633 2863 839 2946 Witebergae.

318 3047 326 3064 .
360 2999 534 3086 Disputatio
552 3004 674 3084 publica
686 3005 720 3064 in
735 2997 901 3064 Araunia
915 3000 1035 3066 Witab.
1052 3003 1140 3066 Pauli
1162 3007 1199 3066 ab
1215 2999 1342 3082 Eitsen,
1366 3009 1417 3066 cui
1431 3001 1609 3066 Mannum
1627 3005 1725 3086 capita
1739 3003 1953 3086 disputationis
1974 3005 2094 3086 scripsit
2108 3000 2146 3061 de
2164 3003 2245 3059 inter-

411 3125 543 3184 cessione
554 3120 667 3186 Christi
684 3117 957 3200 contraCom'sium,
983 3121 1177 3205 Theologum
1185 3118 1375 3204 Pragausem,
1402 3129 1455 3208 qui
1462 3123 1698 3206 reprehendebat
1706 3122 1833 3186 sarnam
1847 3145 1992 3205 precum:
2017 3125 2082 3202 „lali
2097 3117 2169 3199 Dei,
2188 3115 2251 3180 lesu

410 3241 549 3320 Christe,
571 3240 721 3302 interne&
741 3261 797 3320 pro
810 3232 945 3318 nobis''‚
969 3254 999 3302 et
1013 3243 1228 3319 contendebat,
1253 3247 1351 3304 filiurn
1374 3237 1434 3302 Dei
1455 3262 1518 3302 non
1539 3254 1574 3302 ut
1591 3241 1806 3320 mediatorem,
1840 3241 1892 3304 sed
1911 3255 1948 3306 ut
1965 3238 2086 3319 Deam
2113 3241 2252 3300 bonorum

413 3359 567 3436 datorem,
594 3357 797 3430 invocandum
810 3378 883 3422 esse.
936 3352 984 3418 cf.
1001 3379 1049 3439 ep.
1068 3358 1098 3424 d.
1116 3367 1173 3426 23.
1187 3355 1262 3419 Maii
1278 3373 1307 3424 et
1322 3359 1354 3424 d.
1373 3365 1429 3426 13·
1442 3353 1502 3424 lul.

298 3649 331 3708 1,
364 3621 541 3688 Melanthea
558 3638 679 3686 vocatas
693 3619 839 3685 Dresdam
854 3627 1050 3706 proficiscitur
1067 3623 1213 3710 Lipsiam.

299 3783 331 3844 3.
366 3759 490 3846 Lipsiae
504 3765 662 3824 subscribit
675 3763 856 3840 i'crmnlam,
880 3783 940 3846 qua
955 3767 1155 3826 controversia
1169 3763 1258 3826 l'acei
1271 3786 1340 3846 cum
1358 3771 1423 3829 aliis
1439 3768 1700 3828 concionatoribus
1713 3761 1801 3848 Lips.
1819 3771 1984 3848 composita
1999 3779 2052 3828 est.

366 3897 473 3962 Postea
495 3897 691 3978 proficiscitur
712 3893 878 3974 Dresdam,
903 3896 1063 3958 comitibus
1079 3875 1211 3959 l’aucero
1228 3911 1258 3960 et
1272 3893 1390 3961 Martha
1404 3902 1465 3960 fitia
1480 3897 1595 3966 Sabini.

367 4028 484 4092 Iudicat
500 4028 537 4089 de
552 4025 678 4108 Synodo
694 4033 862 4108 germanica
877 4029 1022 4091 habenda.

291 4189 330 4251 g,
366 4163 419 4231 Est
435 4169 468 4228 in
485 4163 599 4248 oppido
611 4159 843 4242 Ioacbimsthal,
870 4177 904 4224 ut
919 4169 1018 4226 visitet
1031 4161 1227 4244 Mattbesinm
1242 4177 1453 4248 aegrotantem.

275 4318 332 4389 15,
367 4303 481 4368 harum
494 4317 537 4364 est
553 4295 697 4382 Epioe,
725 4301 804 4362 unde
820 4305 977 4366 revertitur
991 4303 1128 4370 domu.
1334 4261 1340 4271 Ι

300 4603 333 4664 4
367 4565 478 4630 Scribit
494 4566 531 4628 de
548 4567 750 4626 controversia
767 4563 841 4624 des.
863 4585 954 4626 coena
970 4563 1158 4650 aWigando
1176 4585 1278 4633 contra
1293 4567 1451 4636 Celsinum
1468 4582 1560 4638 inota.
1626 4657 1629 4666 .
1970 4653 1974 4662 .

303 4736 335 4800 ⁶
369 4701 416 4766 Da
433 4703 521 4788 Toga
534 4717 563 4764 at
579 4701 616 4762 de
630 4697 726 4770 Putre
740 4705 841 4762 scribat
856 4703 894 4763 ad
909 4700 1165 4768 Buchholzerum.
1217 4705 1264 4772 cl.
1282 4713 1372 4768 etiam
1394 4731 1441 4790 ep.
1461 4709 1491 4770 d.
1510 4717 1567 4776 10.
1572 4703 1672 4791 Aug.
1690 4709 1727 4770 ad
1742 4711 1883 4775 eundem

279 4871 334 4932 12
368 4837 487 4900 Flacius
511 4859 562 4918 per
585 4834 755 4897 Hubertum
776 4831 968 4920 Languetrim
986 4831 1368 4922 postulataliielantboue,
1390 4860 1424 4906 ut
1443 4815 1615 4934 Gourgan
1620 4851 1720 4913 veniat
1741 4847 1778 4910 ad
1783 4793 1992 4931 onlksquissns
2015 4849 2192 4914 habendum
2209 4823 2268 4938 eud

418 4951 520 5016 Flauio
537 4967 566 5014 et
581 4957 645 5014 eius
660 4953 794 5016 adseclis.

275 5121 334 5188 lg·
368 5091 544 5156 Melantbcu
576 5087 702 5174 Langue
695 5105 735 5154 ιο
769 5115 871 5158 ceusu
902 5101 1046 5178 exponit,
1080 5119 1133 5160 cur
1165 5119 1236 5159 curn
1267 5095 1388 5172 Flscic,
1427 5090 1516 5156 Gallo
1551 5111 1581 5159 et
1614 5101 1762 5192 similibus
1797 5101 1950 5182 colloquia
1982 5099 2018 5160 de
2050 5097 2192 5167 doctrina
2225 5083 2268 5160 tm

417 5213 588 5274 hunolit.

276 5363 337 5430 21.
370 5341 488 5410 Flscins
503 5349 606 5428 itaque
621 5339 848 5406 Melantbonam
862 5345 942 5424 apud
957 5340 1152 5426 Langnetnm
1173 5343 1363 5408 rabesnsatsr
1376 5311 1501 5406 accusat.
1538 5401 1542 5412 ,
