4782 6182
216 311 294 392 su
806 296 1245 382 trrsrocanun
1304 299 1683 387 maxumas
2185 313 2264 388 sco
2361 283 2362 316 ¹

221 485 337 578 telligi
351 485 476 578 potest.
511 476 736 552 Commendo
752 471 829 546 Deo
842 471 1217 548 etCelsitnd.Vestrae
1268 474 1398 549 ctione.
1446 473 1611 572 Cumque
1625 491 1719 552 recte
1738 483 1885 556 sentiret
1898 483 1947 554 tle
1962 483 2142 556 'omnibus
2163 479 2266 556 chri.

224 605 336 662 totam
357 583 450 656 hanc
470 601 613 654 causam
632 593 669 651 et
683 597 741 648 me
756 577 894 668 ipsum·
936 574 1047 649 Mitto
1061 573 1216 649 Celsitu-
1269 576 1402 648 stianae
1419 577 1602 655 doctrinae
1615 581 1792 669 articulis,
1808 597 1842 655 et
1853 579 2063 658 abbanem
2080 586 2129 656 ab
2141 590 2265 658 omni.

228 691 307 764 dini
329 686 478 760 Vestrae
499 683 676 778 pagellas,
698 701 790 774 quae
813 679 919 750 etiam
941 691 1026 750 snut
1049 692 1154 750 testes
1182 691 1219 748 et
1269 679 1336 748 bus
1357 679 1535 754 seditiosis
1557 697 1593 756 et
1612 684 1774 764 fanaticis
1796 687 2046 778 opinionibus,
2078 712 2166 758 vera
2191 689 2264 760 fide

226 795 392 864 laborum
417 809 579 860 meorum
602 797 638 856 et
659 807 757 852 meae
784 781 990 854 sententiae.
1053 779 1151 852 Bene
1185 794 1219 848 et
1270 777 1386 852 Deum
1408 782 1598 856 invocabat
1621 785 1662 856 in
1685 787 1864 878 agnitione
1886 801 1924 860 et
1945 789 2075 862 fidncia
2094 791 2167 860 lilii
2188 817 2265 862 rne-

227 895 380 966 ieliriter
401 882 861 962 valesthlsitodoVestra.
911 884 970 952 die
985 880 1021 958 9.
1032 879 1219 955 Decembr.
1271 881 1435 970 dietatis,
1462 899 1496 956 et
1515 887 1627 958 ammi
1641 887 1806 979 pietatem
1828 890 1995 962 omnibus
2019 887 2185 966 moenis
2207 895 2266 964 nt-

233 993 344 1071 1566.
392 989 564 1066 Celsitud.
578 988 725 1063 Vestrae
740 987 901 1057 addictus
912 1007 1041 1056 servus

737 1098 929 1196 Philippus
942 1097 1169 1177 Melanthum

1271 983 1360 1054 liciis
1373 987 1575 1063 declaravit.
1627 987 1710 1062 Vita
1726 1005 1818 1064 casta
1833 1005 1869 1062 et
1882 993 2001 1064 sobria
2020 993 2109 1066 luit:
2138 1018 2266 1088 pacem

1272 1087 1450 1176 publicam
1482 1103 1518 1161 et
1543 1103 1746 1164 nostrarum
1770 1089 2009 1166 Ecclesiarnm
2030 1097 2267 1168 coniunctio-

1272 1212 1354 1260 nem
1377 1211 1516 1280 srmpar
1540 1193 1631 1264 tueri
1652 1217 1789 1268 sumnm
1813 1205 1898 1268 'eura
1920 1198 2074 1284 studuit3
2102 1200 2267 1290 privatas

1199 1359 1224 1371 ,
1271 1294 1590 1366 aemmnasetiam
1613 1293 1750 1384 placide
1773 1297 1869 1370 tulit.
1924 1295 1976 1369 Et
2003 1299 2046 1370 in
2080 1295 2157 1374 hoc
2185 1303 2268 1393 ipso

1068 1541 1102 1602 9.
1115 1531 1194 1602 Deo.

1045 1624 1214 1666 vsa-,⁷

229 1533 299 1609 No.
314 1532 433 1607 6150.

236 1628 410 1668 w

610 1726 858 1842 Scriptum.

300 1909 408 1984 Scripta
424 1909 501 1986 publ.
517 1905 602 1964 tesi.
619 1905 733 1961 Witeb.
751 1903 784 1964 T.
801 1907 854 1960 111.
875 1906 1002 1963 litam.
1020 1933 1053 1948 ·-
1090 1907 1150 1964 illisi
1166 1911 1220 1966 isl-

332 1983 377 2038 lor
386 1977 572 2053 bsecpsgrlis
586 1975 796 2031 Melanthonem
809 1975 889 2030 babet
902 1985 1054 2034 auctorem

373 2151 510 2229 Rarior
524 2145 745 2224 Academiae
767 2144 1081 2247 Wiledergensis.

230 2297 354 2383 Hodie
380 2299 468 2375 Mra
494 2323 589 2374 noua
613 2303 653 2372 iu
679 2303 810 2370 'eodem
838 2299 977 2372 tumulo
1004 2303 1220 2392 sepelientur

224 2408 377 2490 exuviae
398 2405 604 2479 Reverendi
634 2403 722 2488 viri,
754 2402 798 2474 D.
822 2394 1014 2472 lobannis
1038 2398 1219 2490 Ferant,

229 2503 647 2598 DoctorisTheologiae,
669 2517 704 2578 et
728 2504 820 2574 filiae
845 2503 957 2595 ipsius
974 2507 1218 2576 adolescentu-

226 2617 288 2688 lae
303 2603 572 2704 Margoridos,
597 2627 687 2701 quae
702 2606 735 2676 ei
750 2600 955 2676 charissima
970 2604 1048 2676 luit.
1098 2605 1218 2678 Pridie

227 2729 312 2792 anta
335 2712 446 2806 patris
467 2723 617 2782 mortem
637 2707 710 2778 filia
733 2731 774 2778 ex
802 2701 868 2778 hac
889 2706 961 2776 vita
984 2723 1125 2782 evocata
1150 2725 1217 2782 est:

225 2817 334 2894 Pater
357 2837 439 2890 cnm
462 2813 526 2884 diu
547 2822 778 2902 aegrotasset,
808 2808 1013 2899 languidior
1035 2811 1139 2884 etiam
1164 2813 1217 2882 ia-

229 2933 308 2993 etus
324 2917 459 3002 dolore,
473 2936 581 3008 quem
597 2913 630 2987 ei
647 2925 793 3004 paterna
811 2906 948 3009 στοργὴ
966 2927 1110 3002 propter
1124 2913 1216 2984 filiae

228 3034 381 3095 mortem
395 3019 581 3102 attulerat,
606 3014 777 3107 postridie
789 3037 870 3083 cum
885 3037 959 3084 sese
974 3027 1010 3084 et
1022 3010 1214 3086 Ecclesiam

228 3122 459 3198 domesticam
488 3131 522 3188 et
545 3119 723 3210 publicam
742 3115 1002 3186 ardentissimis
1031 3119 1122 3188 votis
1141 3119 1214 3188 lilio

228 3223 299 3299 Dei
317 3221 616 3305 commendasset,
649 3241 691 3290 ex
715 3213 781 3288 hac
802 3241 1013 3292 aerumnosa
1038 3218 1112 3292 vita
1139 3221 1215 3290 dis·

229 3327 342 3400 aaut.

332 3424 446 3500 Natus
457 3436 511 3496 est
525 3417 684 3494 honestis
702 3418 907 3512 parentibus
932 3419 970 3488 in
985 3420 1075 3490 urbe
1090 3415 1216 3507 Augu·
1289 3481 1297 3494 .
1337 3479 1346 3494 .

224 3539 283 3600 sta
298 3523 467 3609 ltbetiea,
491 3525 555 3596 ubi
571 3519 687 3594 adhuc
703 3523 811 3592 frater
827 3520 902 3590 eius
916 3521 1017 3589 vivit.
1070 3517 1112 3588 ln
1122 3517 1214 3590 Aea-

229 3629 347 3700 dernia
361 3625 531 3701 Bavarica
548 3617 757 3720 &abab
781 3621 924 3692 auditor
940 3621 1027 3706 luit,
1052 3621 1114 3716 qui
1133 3645 1214 3690 cum
1307 3683 1314 3698 ,

229 3731 271 3802 in
286 3729 346 3800 illa
362 3741 501 3800 senecta
512 3739 548 3798 et
564 3741 744 3819 postremo
756 3723 848 3794 vitae
866 3735 963 3808 actu,
983 3747 1065 3796 cnm
1078 3724 1215 3813 attigis-

230 3845 285 3906 set
298 3851 433 3904 annum
458 3827 772 3922 septuagesimum,
799 3825 864 3896 diu
885 3837 989 3898 antea
1012 3840 1137 3917 sponte
1158 3851 1215 3896 re-

229 3932 324 4006 lictis
338 3932 450 4016 aulis,
475 3953 549 4002 non
563 3927 763 4002 ut-Laiirtes
780 3951 817 3996 se
841 3926 878 3996 in
903 3951 987 4017 agro
1011 3927 1215 4013 abdidisset,

228 4037 290 4107 sed
316 4035 354 4104 io
371 4031 600 4104 Academiam
622 4032 792 4102 invitatus
812 4055 831 4100 a
849 4027 947 4098 Duce
962 4028 1135 4100 Bavarico
1158 4053 1212 4100 se·

228 4138 403 4221 esnisia,
428 4134 582 4211 maxime
603 4134 845 4203 delectabatur
867 4132 995 4202 studiis
1018 4131 1212 4202 iuniorum.

228 4235 278 4318 Ut
300 4239 411 4328 igitur
433 4235 583 4331 qtsisqne
608 4235 759 4306 maxime
781 4233 932 4322 cupidus
953 4249 1026 4306 erat
1042 4232 1211 4316 discendi,

228 4352 262 4410 et
281 4341 435 4431 plurima
450 4337 710 4418 sciscitabatur,
735 4335 782 4404 ita
801 4331 855 4404 illi
877 4335 1029 4404 maxima
1046 4335 1210 4406 corrritate

223 4529 416 4640 Copnioai
435 4541 529 4614 inter
545 4539 726 4610 auditores
749 4536 1044 4608 familiarissimus
1057 4531 1208 4608 Forata-

223 4665 305 4722 ras,
331 4644 416 4738 qula
433 4643 547 4714 maius
563 4656 637 4714 arat
651 4637 896 4711 eiusstudium
914 4661 1021 4730 qrrarn
1043 4638 1207 4716 eliorum.

220 4741 347 4820 Postea
360 4743 503 4836 Lipsiae
520 4743 657 4816 audivit
674 4740 818 4812 Petrum
836 4734 1117 4824 Maelianum,
1140 4765 1206 4816 css·

221 4845 278 4918 tus
293 4845 407 4918 oratio
428 4869 512 4916 vere
526 4840 824 4935 Xenophonteam
845 4842 1051 4912 scaevitatem
1075 4841 1205 4912 relere-

218 4947 291 5021 bat.
331 4943 501 5036 Egressus
517 4946 789 5022 adolescentiam
804 4945 925 5016 docuit
942 4944 1029 5014 alias
1045 4942 1203 5032 linguam
1255 4963 1320 5034 No,
1336 4962 1449 5038 6151,

217 5043 414 5130 beraeam,
437 5044 983 5146 etatbsllcctestaeaacntnam
1007 5046 1045 5114 in
1063 5049 1202 5118 Acade·
1258 5057 1433 5090 Μ

219 5149 301 5222 sniis
314 5168 349 5222 et
367 5151 403 5222 io
419 5149 570 5242 templis.
600 5147 731 5220 {Annas
748 5149 817 5218 iam
834 5149 965 5218 octoin
981 5143 1201 5222 nostraAca-

217 5251 332 5331 demis
356 5251 510 5326 multum
529 5251 669 5342 ‚profuit
690 5249 910 5320 discentibus
923 5265 964 5320 et
987 5250 1200 5341 interpreta-

217 5353 314 5426 tione
335 5348 594 5446 Prophetarum
619 5365 657 5422 et
679 5353 822 5446 lingum
845 5347 1199 5442 Ebraeaeprnpagan

214 5451 330 5540 bone.
354 5455 554 5554 atterrivig
564 5449 793 5528 Emesttntn
816 5451 1198 5548 idioiisetiuiuspes

779 5558 794 5577 .
811 5561 823 5616 5
843 5565 854 5596 ,

1241 1417 1242 1422 ¹
1272 1393 1399 1464 morbo
1410 1393 1514 1468 leniit
1527 1397 1596 1469 sibi
1612 1397 1753 1470 dolores
1767 1397 1917 1472 eruditis
1928 1409 1964 1471 ot
1979 1399 2048 1492 piis
2062 1403 2267 1476 amieorun

1272 1495 1474 1588 colloquiis.

1373 1609 1465 1685 Cum
1479 1609 1713 1687 Reverendus
1727 1617 1783 1687 vir
1795 1611 1840 1692 D.
1852 1613 2058 1693 Martinus
2068 1612 2262 1696 Lartem

1271 1713 1386 1786 edidit
1425 1717 1661 1805 germanicam
1702 1719 2031 1812 interpretationem
2064 1725 2259 1816 scripturae

1274 1811 1498 1908 propheticae
1517 1831 1551 1887 et
1575 1821 1804 1914 apostolicae,
1830 1817 2016 1894 adhibitus
2034 1837 2082 1894 est
2101 1839 2137 1894 et
2161 1828 2252 1917 ipse,

1272 1931 1314 1988 ut
1336 1921 1380 1988 de
1402 1915 1522 2011 phrasi
1553 1916 1691 1991 Ebraea
1717 1923 1906 2009 iudicaret,
1946 1939 1982 1996 et
2007 1925 2043 1994 in
2064 1939 2132 1996 tarn
2162 1927 2246 1996 utili

1272 2044 1378 2112 opere
1412 2044 1492 2113 sepe
1515 2021 1591 2092 eius
1624 2025 1797 2094 iudicium
1828 2023 1873 2099 D.
1899 2021 2081 2098 Lntherus
2109 2029 2253 2099 caeteris

1273 2123 1458 2214 praetulit,
1489 2137 1528 2195 ut
1562 2125 1601 2194 in
1626 2127 1799 2196 sententia
1824 2127 2028 2199 dulcissima
2060 2129 2100 2198 in
2124 2125 2257 2199 llosea:

1272 2245 1346 2294 non
1363 2221 1513 2322 faciam
1528 2225 1700 2324 sororem
1724 2225 1803 2298 irae
1829 2252 1945 2299 meaa:
1998 2250 2075 2299 non
2106 2252 2259 2325 prorsus

1267 2320 1397 2394 delebo
1413 2320 1622 2421 Ephraim,
1646 2327 1735 2428 qaia
1752 2325 1859 2402 Deus
1880 2354 1945 2424 ego
1959 2355 2042 2402 sum
2051 2384 2064 2418 ,
2093 2356 2174 2402 non
2197 2326 2261 2404 bo-

1271 2451 1350 2509 mo,
1378 2424 1417 2496 ia
1434 2424 1552 2500 medio
1574 2428 1634 2500 tui
1656 2440 1819 2504 sanctus.
1869 2427 1949 2504 Nec
1965 2441 2092 2504 tamen
2111 2431 2261 2506 intrabo

1269 2525 1311 2596 in
1328 2526 1518 2598 civitatem.
1569 2529 1730 2602 Hirrum
1746 2535 1814 2604 alia
1831 2537 1943 2606 multa
1965 2537 2162 2620 monebat,
2190 2554 2256 2608 tun

1271 2653 1353 2701 vero
1369 2627 1434 2702 hac
1455 2627 1591 2722 phrasi:
1616 2658 1721 2718 „non
1738 2637 1880 2707 intrabo
1894 2639 1933 2707 in
1947 2637 2131 2709 civitatem
2141 2637 2173 2725 ”,
2202 2635 2249 2710 tac

1270 2734 1413 2825 proprie
1435 2733 1626 2824 significari
1648 2738 1804 2810 dicebat:
1838 2763 1912 2812 non
1931 2741 2083 2814 servabo
2110 2764 2256 2831 regnan

1270 2835 1454 2927 politicum
1474 2831 1667 2928 Ephraim,
1691 2863 1752 2909 seu
1763 2837 1956 2914 Samariae.
2006 2837 2055 2913 Et
2072 2835 2176 2914 hauc
2193 2867 2260 2915 em-

1268 2933 1396 3027 phasin
1412 2961 1485 3008 esse
1508 2941 1546 3006 in
1563 2941 1670 3010 verbo
1691 2941 1851 3012 intrandi
1877 2941 2014 3014 axeliis
2031 2941 2124 3015 locis
2138 2960 2260 3018 osten
2361 2985 2362 3000 .

1269 3040 1382 3112 debat.

1370 3169 1471 3241 Talis
1486 3195 1565 3241 cum
1583 3171 1689 3245 luerit
1706 3169 1842 3246 Ductor
1852 3169 2045 3248 Iohannes
2054 3169 2260 3248 Fb'rsterus

1266 3273 1449 3344 amisimus
1468 3275 1584 3342 virum
1601 3275 1727 3344 utilem
1740 3277 1866 3346 studiis
1879 3275 2079 3364 Ecclesiae,
2105 3295 2140 3352 et
2156 3283 2261 3352 nobis

1267 3377 1435 3446 omnibus
1451 3389 1595 3466 propter
1608 3375 1719 3468 ipsius
1744 3380 1936 3449 candorem
1963 3381 2182 3474 etpietatern
2198 3407 2255 3452 ca-

1268 3503 1458 3550 rissimum.
1518 3473 1638 3566 Quare
1673 3480 1789 3548 luctus
1823 3481 1938 3551 nostri
1969 3483 2104 3554 multas
2134 3505 2258 3576 graves

1266 3604 1387 3650 causas
1410 3574 1592 3652 habemus.
1645 3574 1801 3650 Oramus
1823 3595 1940 3654 antem
1960 3584 2074 3656 filium
2100 3585 2172 3657 Dei
2194 3587 2259 3656 do-

1268 3705 1404 3750 mmum
1422 3695 1582 3749 nostrum
1602 3679 1718 3752 lesum
1735 3677 1938 3772 Christum,
1962 3687 2178 3758 crucifixum
2197 3713 2258 3781 pro

1267 3783 1371 3853 nobis
1382 3795 1415 3853 et
1434 3783 1696 3868 resuscitatum,
1721 3797 1761 3854 ut
1778 3779 1992 3872 Ecclesiam,
2007 3801 2040 3858 et
2056 3783 2158 3862 hanc
2169 3787 2253 3864 Aca·

1266 3885 1417 3954 damiam
1441 3884 1479 3952 in
1504 3909 1561 3967 ea,
1587 3897 1702 3956 servet
1726 3899 1760 3956 et
1784 3887 1977 3976 gubernet,
2003 3902 2037 3960 et
2052 3889 2172 3964 saciat
2197 3911 2247 3962 nos

1266 4011 1346 4055 vasa
1369 3985 1642 4066 misericordiae.
1693 3984 1767 4055 Vos
1789 4013 1932 4083 qtmque
1954 3991 2026 4064 iam
2049 3989 2090 4061 in
2116 3995 2253 4080 irruere,

1265 4089 1309 4156 ad
1334 4089 1430 4184 quod
1454 4111 1516 4158 vos
1538 4081 1625 4158 hora
1652 4111 1746 4156 nona
1763 4091 1953 4162 convenire
1970 4091 2166 4182 volumus,
2191 4097 2254 4189 piis

1263 4189 1354 4260 votis
1381 4203 1413 4260 et
1434 4191 1626 4280 gemitibus
1648 4189 1826 4278 publicam
1860 4205 1893 4262 ct
1918 4208 2068 4266 vestram
2102 4199 2255 4270 salutem

1265 4287 1338 4360 Deo
1357 4293 1612 4364 commendate.
1653 4287 1762 4360 anno
1781 4289 1889 4368 16⁵6.
1904 4295 1964 4366 ''dic
1978 4297 2016 4376 9.
2027 4293 2256 4382 Decembris,

224 4441 458 4531 „spondebat
474 4451 509 4510 ἃ
525 4439 636 4508 libro,
650 4436 757 4508 dab„
780 4436 942 4504 utendos·
990 4433 1080 4506 Em
1101 4436 1210 4524 igitur
1260 4419 1333 4565 pua
1350 4393 1408 4463 die
1424 4409 1505 4463 ante
1519 4403 1633 4464 annos
1650 4388 1791 4464 centnm
1813 4407 1847 4466 et
1861 4397 1990 4490 viginti
2011 4414 2181 4470 mortuus
2197 4401 2256 4472 rs't

1292 4485 1528 4592 rgismundas
1553 4493 1769 4590 Imperator,
1795 4495 1896 4570 cuius
1918 4501 1990 4573 vita
2010 4499 2123 4571 etiam
2147 4503 2254 4595 plens

1259 4597 1423 4673 laborum
1439 4611 1474 4694 et
1488 4621 1738 4670 aerumnarum
1755 4595 1834 4671 luit.
1922 4659 1925 4668 .

2026 5059 2246 5117 W

1477 5163 1605 5251 Hier.
1634 5165 2023 5278 Baumgurtaero.

2048 5339 2076 5394 itt
2096 5343 2160 5400 eorl.
2177 5339 2249 5398 flo-

1320 5337 1404 5409 Epist.
1423 5335 1470 5394 lib.
1489 5337 1537 5395 Vl.
1556 5355 1582 5410 p.
1596 5335 1701 5410 mro.
1736 5335 1789 5394 liin
1807 5355 1838 5394 er
1856 5347 1969 5412 sutngrs

2022 5409 2100 5482 ‘ptllt
2138 5413 2249 5483 jlffl.

2049 5530 2055 5541 ,
2112 5523 2116 5535 ,
2142 5503 2154 5531 r'

1354 5405 1922 5546 asaa‘ammutumr·
1963 5524 1969 5537 .

2035 4971 2087 5035 die
2103 4977 2242 5043 heu.
2361 5031 2362 5034 ,
