4720 6170
87 279 128 352 dl
672 265 1108 346 EPISTOLARUM
1165 265 1271 342 ΗΒ.
1302 263 1387 344 xll.
1439 263 1574 344 1553.
2091 277 2140 350 82

86 461 197 538 ,eque
219 467 304 528 ΜΟ,
326 453 364 512 ut
386 441 476 512 meg,
493 441 610 514 mgis
627 439 991 514 „everengefsenaffli
1008 463 1088 528 gra.
1116 453 1117 456 ’
1140 451 1210 520 tas,
1233 435 1444 528 Apostolos,
1471 435 1634 510 Pastores
1652 451 1686 510 et
1701 435 1882 520 Doctores.
1933 445 2136 540 Precamur,

87 549 157 618 tias
178 568 276 636 agas.
323 541 432 618 Mitto
459 545 527 616 tibi
550 547 621 616 duo
641 545 852 634 exemplaria
876 543 1087 634 disputatio·
1137 539 1180 610 ut
1202 562 1285 610 suae
1301 538 1479 612 Ecclesiae
1503 543 1756 629 gubernatores
1773 549 1831 618 det
1853 549 2002 622 idoneos
2024 566 2060 624 et
2076 576 2133 624 sa-

89 651 169 733 nis,
194 646 260 720 etsi
275 669 382 736 nuper
396 669 511 716 unum
530 648 573 716 ad
595 659 629 716 te
644 645 741 732 misi,
766 669 919 738 quorum
936 645 1086 714 alterum
1137 641 1288 726 luteres,
1313 667 1353 712 ac
1377 642 1524 722 efficiat,
1552 657 1591 714 ut
1614 639 1721 716 huius
1744 647 1815 718 iam
1838 651 1994 724 ordinati
2016 653 2131 724 Mini-

92 749 203 822 dabis
219 747 407 820 Secretario
424 746 577 819 Senatus
592 747 707 818 vestri.
761 745 866 816 Nunc
882 749 980 816 adest
1002 745 1088 814 illu·
1138 743 1285 814 sterium
1302 745 1346 814 sit
1364 744 1482 814 efficax
1501 745 1713 817 etsalutare.
1766 747 2006 842 Ipsumetiam
2024 754 2131 842 „Ma-

97 850 283 920 strissimus
304 850 469 940 princeps
491 845 774 940 archiepiscopus
794 843 1086 939 Meidehurgen-
1137 845 1285 934 gistrum
1295 841 1548 917 Melchiorem''
1565 863 1598 918 et
1615 871 1714 918 suam
1724 847 1918 924 Ecclesiam
1933 851 2129 944 hortamur,

99 950 162 1024 sis.
216 947 337 1020 Aulici
371 947 536 1031 narrant,
578 953 704 1020 ducem
730 946 933 1020 Heueicum
958 943 1088 1017 Brun·
1137 959 1177 1018 ut
1192 946 1311 1018 iurent
1325 945 1560 1037 Evangelium
1575 947 1644 1020 Dei
1660 975 1747 1039 pure
1762 965 1796 1022 et
1812 955 1964 1028 fideliter
1985 983 2129 1035 conser-

95 1051 282 1121 sav'censem
306 1053 449 1122 duxisse
471 1053 663 1122 exercitum
682 1052 726 1119 ad
742 1051 784 1125 N.
799 1054 938 1125 urbem.
987 1049 1085 1121 Beue

92 1154 185 1238 vale,
211 1166 247 1224 et
265 1154 434 1224 rescribe.
486 1151 623 1242 Quarto
642 1150 743 1222 Maii.
868 1183 872 1190 ·

108 1393 247 1406 ...--

98 1553 164 1624 Νο.
180 1551 298 1625 5382.

90 1649 310 1686 Μ

950 1564 970 1629 5
1003 1557 1087 1619 illati.

946 1650 1083 1678 Μ

422 1741 763 1828 Testimonium.

155 1923 176 1988 †
198 1917 237 1972 Er
257 1917 434 2000 autographo·
447 1916 521 1988 quod
535 1927 574 1972 est
588 1917 616 1970 in
630 1919 753 1976 biblioth.
767 1913 936 1990 Guelpherb.
958 1947 990 1963 -
1027 1922 1086 1973 Te-

191 1985 353 2040 stimonium
376 1999 449 2056 types
465 1995 504 2040 est
522 1986 700 2056 exscriptum,
722 1989 837 2060 exeeptis
857 1993 904 2058 iis,
921 2009 990 2062 quae
1009 1991 1086 2062 signo

191 2061 276 2126 „-’¹
294 2057 465 2119 notavimus,
493 2073 563 2126 quae
578 2055 738 2114 Melanthon
750 2077 798 2114 soa
812 2077 892 2114 mauu
907 2060 1035 2118 exaravit.

430 2205 748 2303 (Testimonium.)

96 2343 244 2432 Gratias
267 2359 408 2448 agimus
429 2355 505 2428 Deo
529 2375 671 2430 aeteram
692 2364 784 2453 patri
802 2361 951 2434 Domini
974 2367 1087 2436 nostri

92 2461 171 2532 lesu
189 2455 346 2540 Christi,
373 2461 551 2531 conditori
566 2463 656 2532 coeli
679 2477 714 2533 et
736 2477 867 2552 terrae,
893 2482 926 2537 ct
943 2469 1087 2558 angelo-

88 2588 171 2634 rum
196 2575 231 2630 et
255 2555 465 2646 hominum,
490 2577 524 2633 et
547 2563 696 2633 aliarum
723 2581 982 2653 creaturarum,
1016 2595 1085 2638 uua

86 2691 171 2736 urm
189 2662 287 2732 Filio
308 2685 373 2732 suo
388 2659 543 2732 Domino
561 2681 681 2735 nostro
703 2663 782 2738 lesu
798 2665 939 2740 Christo
956 2687 989 2741 et
1005 2669 1089 2758 Spi-
1163 2720 1165 2724 -

85 2771 164 2837 ritu
186 2787 255 2834 sno
271 2763 421 2849 Sancto,
446 2768 543 2858 quod
568 2767 738 2836 immensa
762 2771 1001 2842 misericordia
1018 2769 1088 2843 Ec-

86 2867 236 2939 clesiam
271 2865 308 2934 in
332 2863 431 2934 omni
460 2868 664 2938 aeternitate
693 2871 807 2957 ipsum
834 2875 1087 2944 celebraturam

85 2971 198 3041 etiarn
217 2968 257 3036 in
276 2961 333 3035 his
347 2967 551 3056 regionibus
568 2970 635 3038 sibi
652 2971 787 3061 colligit
805 2987 838 3043 et
855 2999 934 3044 eum
951 2975 1088 3066 suppli-

85 3095 147 3143 ces
171 3083 208 3139 et
229 3069 439 3138 ardentibus
456 3070 547 3138 votis
569 3095 711 3141 oramus
727 3098 772 3142 ne
795 3073 907 3142 lucem
925 3099 1006 3144 suae
1022 3079 1087 3144 du-

84 3172 229 3244 ctrinae
244 3171 340 3238 inter
356 3193 421 3238 nos
433 3171 589 3260 extingui
603 3173 714 3258 sinat,
739 3177 800 3244 sed
817 3177 982 3268 deinceps
998 3202 1089 3270 quo-

86 3298 162 3370 que
193 3273 235 3340 in
264 3265 321 3339 his
345 3272 549 3360 regionibus
571 3269 746 3344 Ecclesiae
775 3289 873 3366 regat
900 3291 934 3348 et
964 3291 1088 3348 servet.

87 3375 249 3466 Propter
264 3385 301 3442 te
319 3386 458 3442 aeterne
472 3370 587 3460 Deus,
614 3391 758 3468 propter
779 3392 814 3448 te
836 3403 952 3450 serves
966 3375 1088 3450 Eccle-

87 3479 200 3560 siam,
228 3488 268 3544 ut
288 3487 346 3544 tua
366 3473 476 3563 gloria
492 3498 630 3566 semper
650 3491 743 3550 recte
759 3481 965 3555 celebretur.
1016 3481 1088 3550 Τε-

88 3594 232 3650 stamur
251 3589 369 3644 autem
394 3570 489 3644 hunc
508 3575 635 3646 Virum
657 3571 846 3650 honestum
869 3575 1089 3667 „Melchis-

91 3703 166 3749 rem
192 3669 434 3748 Weidmonn
453 3671 746 3749 Erlordiensem”
772 3699 933 3755 vocatum
955 3705 1027 3754 esse
1044 3688 1086 3754 ad

90 3777 342 3850 hliuisterium
356 3772 542 3866 Evangelii
559 3779 597 3847 in
610 3777 767 3852 Ecclesia
783 3779 851 3852 Dei
867 3786 934 3870 „in
954 3785 1088 3883 inclyta

89 3883 179 3952 urbe
203 3876 377 3950 Erl'ordia
400 3879 591 3970 intemplo
615 3881 651 3953 S.
674 3879 849 3960 Andreae.
860 3885 876 3910 '¹
927 3885 1089 3982 Cumque

94 3983 206 4074 rogati
231 4001 408 4062 essemus,
431 3993 470 4050 ut
496 3982 673 4072 explorata
701 3985 777 4056 eius
803 3989 1004 4060 eruditione
1024 4017 1089 4080 pu·
1146 4031 1155 4050 ·

97 4084 225 4156 blicam
240 4077 522 4154 Ordinationem
548 4086 779 4172 adderemus,
804 4089 994 4180 diligenter
1009 4115 1087 4160 eum

108 4186 302 4254 andivimus
322 4197 357 4252 et
378 4183 616 4276 comperimus
639 4207 719 4254 eum
745 4204 836 4258 recte
858 4203 975 4260 tenere
993 4215 1089 4262 sum-

108 4305 195 4352 mam
206 4281 432 4358 Christianae
454 4285 635 4354 doctrinae
657 4300 692 4357 et
712 4291 875 4380 amplecti
900 4294 1088 4382 puritatem

102 4378 303 4476 Evangelii,
333 4408 439 4477 quam
462 4381 619 4456 Ecclesia
646 4401 765 4458 nostra
798 4415 870 4460 uno
893 4389 1032 4484 Spiritu
1057 4409 1090 4464 et

99 4511 170 4558 uua
185 4511 269 4558 voce
284 4511 367 4556 cum
381 4481 566 4556 Catholica
576 4485 735 4558 Ecclesia
747 4487 881 4562 Christi
896 4496 1092 4584 profitetur,

94 4611 165 4660 ace
182 4587 352 4660 fanaticis
369 4587 600 4678 opinionibus
612 4592 788 4663 damnatis
810 4594 942 4664 iudicio
959 4592 1091 4666 Catho-

92 4691 182 4762 licae
197 4687 382 4761 Ecclesiae
400 4683 535 4760 Christi
552 4685 754 4766 abhorrere.
801 4692 970 4767 Promisit
986 4699 1090 4768 etiam

91 4787 153 4862 hic
171 4789 382 4878 „Magister
396 4785 599 4861 Melchior”
613 4793 658 4860 in
674 4795 835 4864 doctrina
859 4801 1091 4868 constantiam

90 4908 127 4963 et
144 4895 182 4962 in
199 4892 324 4962 officio
342 4890 446 4960 iidem
464 4904 499 4962 et
511 4891 743 4982 diligentiam.
796 4895 916 4984 Quare
939 4899 972 4968 ei
997 4901 1091 4970 iuxta

90 4997 301 5064 doctrinam
343 4987 617 5082 Apostolorum,
674 4995 814 5084 publica
854 4995 1093 5074 Ordinatione

92 5095 390 5166 commendatum
408 5107 456 5162 est
474 5091 717 5178 Ministerium
736 5097 887 5181 docendi
906 5095 1092 5192 Evangelii

1138 1047 1214 1118 vari
1238 1061 1272 1124 et
1293 1051 1492 1140 propagari.
1540 1048 1631 1122 Nam
1659 1046 1726 1122 hoc
1744 1055 1860 1126 olbcio
1877 1059 1977 1130 Deus
1993 1063 2129 1153 praeci-

1138 1171 1207 1240 pue
1231 1171 1267 1220 se
1296 1151 1366 1220 coli
1396 1151 1567 1241 postulat,
1600 1153 1689 1226 sicut
1718 1155 1838 1250 inquit
1866 1155 2047 1232 Christus:
2084 1161 2128 1238 In

1137 1245 1206 1320 hoc
1222 1251 1438 1341 glorificatur
1453 1251 1560 1322 Pater
1576 1277 1692 1338 meus,
1716 1271 1757 1327 nt
1772 1260 1927 1332 fraretum
1945 1265 2128 1356 copiosum

1137 1353 1273 1438 seratis,
1298 1367 1332 1424 et
1349 1354 1440 1426 fiatis
1456 1355 1527 1424 mei
1540 1355 1716 1447 discipuli.
1767 1355 1816 1430 Et
1829 1355 1894 1432 hac
1909 1365 1987 1436 luce
2008 1379 2129 1436 reten-

1139 1466 1192 1536 ta,
1216 1470 1335 1527 manet
1350 1452 1526 1540 Ecclesia,
1551 1470 1585 1527 et
1609 1461 1722 1530 aderit
1738 1459 1776 1529 in
1794 1487 1834 1532 ea
1848 1459 2005 1552 Ecclesia
2020 1464 2129 1553 Deus,

1138 1556 1237 1625 dabit
1252 1555 1371 1626 Vitam
1388 1571 1566 1628 aeternam
1582 1559 1829 1634 invocantibus
1847 1566 1976 1656 ipsum,
2001 1581 2038 1638 et
2050 1571 2130 1660 opi-

1139 1657 1314 1728 tulabitur
1335 1658 1374 1727 iu
1393 1659 1571 1730 aerumnis
1596 1656 1702 1734 buius
1717 1663 1820 1740 vitae.
1872 1665 1927 1736 lbi
1951 1669 2047 1738 enim
2064 1673 2127 1740 ad-

1140 1769 1190 1826 est
1213 1771 1248 1826 et
1270 1761 1412 1831 exaudit
1435 1758 1549 1848 Deus,
1576 1765 1639 1832 ubi
1663 1789 1730 1836 vor
1747 1761 1932 1858 Evangelii
1952 1783 2052 1842 sonat
2069 1773 2127 1840 in-

1139 1861 1405 1952 corruptasicut
1419 1864 1588 1954 scriptum
1608 1879 1658 1934 est
1676 1862 1752 1942 loh.
1768 1866 1847 1943 XV.
1871 1868 1911 1942 Si
1928 1873 2127 1944 manseritis

1139 1960 1177 2028 in
1192 1985 1248 2029 me
1264 1975 1297 2031 et
1313 1964 1420 2032 verba
1438 1988 1513 2032 mea
1534 1964 1571 2032 in
1596 1969 1697 2037 vobis
1715 1971 1929 2056 manserint,
1952 1975 2129 2068 quidquid

1140 2063 1335 2146 volueritis,
1353 2065 1487 2154 petetis,
1504 2079 1537 2134 et
1552 2066 1611 2136 bet
1629 2071 1737 2143 vobis.
1770 2069 1882 2142 Datae
1893 2071 2127 2165 Witebergae

1142 2159 1276 2246 ,Anno
1297 2161 1406 2239 1553.
1456 2165 1524 2235 Die
1541 2168 1665 2260 quinto
1682 2169 1772 2239 Maii
1788 2197 1858 2265 quo
1877 2175 1935 2242 die
1950 2175 2044 2246 lilius
2059 2173 2128 2248 Dei

1142 2279 1249 2349 „ante
1265 2289 1377 2334 annos
1397 2263 1506 2341 1519.
1523 2270 1735 2341 admirando
1750 2269 1932 2362 triumpho
1950 2291 2127 2366 spectante

1142 2389 1295 2456 „magno
1326 2381 1429 2438 coetu
1458 2369 1713 2460 Apostolorum
1746 2386 1778 2443 et
1801 2374 2057 2468 discipulorum
2088 2381 2128 2448 in

1142 2471 1305 2551 „coelum
1323 2470 1511 2543 ascendit.''

1291 2585 1416 2658 Pastor
1436 2585 1612 2658 Ecclesiae
1637 2586 1923 2682 Witebergensis
1944 2609 1978 2667 et
1999 2601 2128 2670 caeteri

1286 2687 1446 2758 Ministri
1453 2687 1639 2781 Evangelii
1655 2690 1694 2758 in
1710 2693 1830 2762 eadem
1847 2691 2016 2767 Ecclesia.

1640 2802 1818 2890 lohannes
1837 2808 2078 2907 Bugenhagen

1737 2909 1887 2994 Donnes
1903 2911 1950 2983 D.

1482 3076 1509 3142 I.
1524 3076 1680 3142 Timothei
1701 3073 1777 3146 llll.

1241 3182 1393 3258 Attende
1409 3187 1555 3259 lectioni
1570 3185 1821 3270 adhortationi,
1845 3192 2038 3281 doctrinae,
2056 3193 2129 3268 Ne-

1188 3290 1296 3378 gligas
1317 3290 1453 3360 donum
1474 3295 1569 3386 quod
1595 3293 1685 3362 inte
1709 3305 1781 3375 est,
1809 3295 1903 3385 quod
1929 3295 2051 3366 datum
2075 3312 2128 3371 est

1189 3393 1254 3462 tibi
1279 3415 1344 3483 per
1361 3388 1588 3483 Prophetiam
1612 3419 1691 3464 cum
1717 3393 1942 3484 impositione
1958 3419 2130 3470 manuum

1190 3508 1309 3566 coetus
1324 3493 1527 3566 Seniorum.

1534 3593 1710 3668 lohannes
1725 3594 1910 3668 Forsterus
1926 3595 1990 3674 Dr.

1539 3695 1753 3788 „Philippus
1770 3695 2013 3776 Melanthon.''

1534 3799 1764 3974 Seiiastianus
1786 3898 2008 3976 Kossthelius
2026 3905 2078 3978 M·

1535 4001 1649 4072 Lucas
1665 4000 1849 4074 Heuerius
1863 4001 1917 4076 M.

1240 3797 1298 3895 o·
1314 3796 1364 3892 s.)

1446 4535 1541 4622 Ius.
1570 4535 1831 4648 Boedingo.

1210 4699 1229 4771 ᾗ
1249 4696 1286 4752 Er
1302 4714 1396 4772 apogr.
1408 4695 1437 4750 iu
1454 4696 1515 4752 cod.
1529 4693 1615 4749 Paris.
1634 4696 1670 4749 D.
1687 4695 1720 4751 1.
1732 4693 1792 4750 5⁴³.

1144 4845 1317 4922 Iacobo
1343 4841 1612 4940 Burdinge,
1649 4839 1789 4914 doctori
1811 4840 1907 4914 artis
1937 4836 2064 4916 medic.
2092 4839 2133 4910 in

1356 4945 1498 5044 inclyto
1515 4941 1633 5021 Acud.
1650 4935 1924 5018 Restocdiensi.

1143 5085 1192 5176 S.
1216 5097 1262 5171 D.
1312 5095 1515 5166 Clarissime
1538 5093 1651 5162 viret
1676 5091 1786 5162 amice
1812 5092 2001 5168 carissime.
2053 5089 2135 5164 Scio

89 5213 127 5268 et
154 5195 386 5266 Sacramenta
410 5217 429 5262 a
457 5193 530 5264 lilio
547 5193 614 5265 Dei
640 5186 804 5266 instituta
820 5199 1094 5273 administrandi
1143 5217 1179 5273 te
1198 5181 1340 5296 quoque
1363 5191 1429 5266 hac
1455 5193 1637 5264 notissima
1659 5195 1833 5266 sententia
1857 5191 2018 5264 Platonis
2038 5192 2136 5264 dele-

87 5299 195 5366 inxta
220 5294 456 5370 vocatiouem.
506 5293 669 5390 Cumque
694 5293 863 5390 scriptum
885 5301 998 5373 sit-de
1019 5305 1093 5373 lilio

87 5395 188 5470 Dei:
215 5395 408 5479 Ascendit,
439 5397 541 5468 dedit
561 5398 658 5470 duna
678 5393 903 5490 hominibus,
933 5401 1093 5498 Prophe·

155 5501 340 5566 Mosarna.
365 5499 470 5566 Oen.
497 5501 582 5571 Vos.
610 5501 702 5572 vtu.

1144 5305 1248 5376 clari:
1283 5291 1428 5376 desuetis
1452 5292 1501 5368 civ
1531 5296 1706 5392 παρεῖχεν
1728 5293 1869 5391 ἔρωτας
1894 5289 1917 5388 ἡ
1944 5287 2138 5392 φρόνησις,

1144 5405 1225 5476 εἴη
1247 5405 1419 5472 τοιοῦτον
1442 5395 1576 5568 ἑαιὲτῆς
1599 5391 1750 5498 ἐναργὲς
1772 5392 1925 5472 εἴδωλον
1946 5389 2140 5494 παρείχετο
