4814 6172
207 275 284 350 325
787 262 1216 344 EPISTOLARUM
1269 259 1374 336 LIB.
1399 259 1483 338 llll.
1538 256 1666 337 1654.
2178 263 2255 340 sat

212 446 286 520 Sed
301 447 523 534 locusalius,
548 469 621 517 non
638 443 763 540 procul
782 445 827 515 ab
850 467 891 514 eo
915 442 1012 527 loco,
1037 439 1104 512 ubi
1127 461 1206 508 cor·
1260 435 1321 528 qui
1345 458 1402 502 me
1424 433 1519 502 bello
1540 431 1745 526 persequuti
1768 445 1869 517 sunt,
1911 431 1981 500 nisi
2007 433 2052 502 de
2071 459 2153 504 meo
2178 435 2255 505 iure

214 573 280 641 pus
296 549 450 635 iacebat,
475 573 601 620 cruore
622 571 831 640 conspersus
855 558 942 619 erat.
993 541 1208 616 Curavimus
1262 536 1525 630 aliquantulum
1559 535 1800 614 decessissem,
1853 533 2008 604 eeclesiis
2042 556 2187 630 quoque
2223 551 2259 610 et

215 653 357 743 sepeliri
374 675 502 744 corpus
519 653 557 720 in
573 653 651 721 loco
662 651 862 742 sepulturae
877 661 1018 718 nostrae
1034 669 1108 716 non
1123 667 1207 736 pro·
1261 633 1408 722 scholis,
1431 661 1520 730 quae
1536 631 1628 706 mihi
1644 637 1745 706 cordi
1760 648 1862 720 sunt,
1886 637 2052 707 interitus
2070 640 2258 730 impende-

217 755 399 826 culamei
418 755 483 823 lilii
499 754 673 846 sepulcro.
724 751 824 837 Scio,
845 764 1031 843 parentum
1048 747 1207 828 dolorem
1261 754 1325 810 ret.
1384 737 1451 810 His
1476 739 1587 830 igitur
1611 739 1717 813 rebus
1738 740 1928 824 adductus,
1959 737 2037 808 Deo
2061 739 2258 811 iustissimo

217 855 257 925 in
291 856 489 928 calamitate
518 855 651 926 sobolis
682 867 820 924 tautum
854 876 946 938 esse,
979 864 1021 924 ut
1051 846 1209 920 humana
1262 841 1390 926 iudici,
1430 865 1544 942 meam
1565 863 1705 910 causam
1732 841 1996 932 disceptandam
2018 843 2183 912 commisi
2204 859 2262 916 at·

218 960 462 1030 consolatione
483 957 590 1028 leniri
614 981 687 1028 uon
709 956 831 1050 possit.
885 954 970 1025 ldeo
1000 953 1114 1024 lilium
1129 948 1212 1036 Dei,
1265 969 1334 1039 que
1348 944 1499 1028 tradidi,
1526 943 1590 1036 qui
1607 941 1751 1036 quidem
1768 943 1870 1012 novit
1883 944 2036 1033 optimc,
2058 945 2115 1014 cui
2131 969 2174 1014 ex
2189 969 2260 1016 no-

218 1063 423 1136 crucifixum
445 1086 510 1154 pro
527 1061 650 1148 nobis,
676 1073 711 1131 et
734 1058 979 1130 resuscitatum
1004 1081 1086 1142 oro,
1110 1069 1151 1126 ut
1176 1067 1210 1124 te
1263 1049 1318 1118 bis
1341 1071 1410 1138 pax
1432 1045 1540 1116 fuerit
1559 1045 1750 1117 carissima.
1803 1042 1901 1114 ldem
1926 1069 2007 1135 ego,
2033 1069 2114 1116 cum
2138 1043 2263 1139 Reges

219 1188 362 1260 quoque
377 1178 413 1236 et
427 1159 712 1236 honestissimam
731 1161 917 1252 coniugem
942 1173 1058 1246 tuam,
1084 1158 1123 1227 in
1144 1153 1211 1226 hac
1263 1150 1429 1243 quidam,
1453 1143 1634 1218 Electores
1648 1161 1681 1216 et
1698 1147 1895 1239 principes,
1920 1149 2102 1218 mensibus
2119 1150 2266 1242 aliquot

219 1281 334 1338 vestra
349 1291 452 1338 cruce
468 1265 596 1356 erigat,
611 1279 646 1336 et
663 1288 726 1334 vos
742 1263 880 1356 Spiritu
897 1262 1027 1334 Sancto
1044 1287 1107 1332 suo
1124 1283 1212 1332 con·
1264 1252 1526 1342 superioribus,
1553 1273 1646 1320 ame
1662 1251 1935 1335 contenderent,
1961 1264 2001 1320 ut
2016 1275 2097 1320 cum
2116 1251 2192 1320 illis
2208 1255 2264 1324 fa·

219 1369 372 1454 soletur,
398 1369 489 1440 sicut
505 1370 657 1438 affirmat
673 1365 786 1450 Deus,
812 1389 848 1436 se
873 1361 1035 1436 hahitare
1057 1366 1096 1432 in
1120 1363 1213 1434 allli-
1265 1379 1400 1440 cerem,
1424 1353 1520 1446 quod
1536 1365 1654 1422 tamen
1669 1372 1784 1444 neque
1801 1351 1928 1422 iustam
1943 1353 2026 1422 satis
2043 1376 2159 1447 neque
2181 1355 2264 1425 ido·

220 1474 285 1544 ctis
300 1473 416 1566 ipsum
432 1472 692 1542 invocantibus.
746 1467 892 1540 Solebat
908 1468 1002 1539 filius
1021 1489 1131 1560 prope
1157 1487 1213 1534 me
1267 1479 1368 1526 neam
1401 1477 1542 1524 causam
1575 1454 1830 1539 existimarem,
1867 1451 2155 1548 Germaniaeque
2193 1473 2264 1528 sta-

221 1575 375 1645 assidere
406 1573 444 1643 in
474 1574 707 1656 lectionibus,
746 1595 786 1642 ac
811 1572 993 1642 interdum
1017 1571 1213 1656 iuterroga-
1266 1575 1343 1630 tum
1364 1581 1440 1626 non
1461 1557 1684 1646 ignorarem,
1710 1550 1857 1626 honeste
1881 1556 1967 1648 ipsis
1989 1559 2033 1628 de
2056 1583 2134 1644 me,
2164 1583 2264 1630 com-

220 1679 303 1749 bam
325 1701 417 1751 eum.
469 1673 548 1746 Hoc
570 1676 713 1746 octiduo
739 1675 888 1744 miratus
910 1697 1007 1758 sum,
1030 1673 1095 1742 ubi
1116 1682 1215 1752 esset,
1266 1662 1443 1754 modoque
1467 1658 1605 1749 negavi.
1665 1653 1720 1728 Ac
1739 1658 1841 1730 novit
1862 1656 1979 1744 Deus,
2014 1683 2122 1754 quem
2148 1663 2261 1733 actio-

221 1805 303 1852 cnm
327 1803 410 1850 eum
435 1804 511 1848 non
535 1779 711 1863 viderem,
738 1793 772 1850 et
796 1779 1000 1868 sperabam,
1033 1775 1072 1844 in
1096 1773 1213 1845 studio
1267 1788 1355 1834 num
1382 1785 1541 1831 mearum
1567 1759 1683 1830 solum
1709 1773 1745 1830 et
1766 1762 1941 1853 optimum
1977 1757 2092 1831 habeo
2127 1775 2259 1850 testem,

220 1884 314 1952 ben,
343 1904 590 1974 processurum
619 1903 704 1950 Μ,
762 1877 832 1951 sed
855 1901 1085 1972 agnoscamus
1119 1901 1215 1946 com.
1268 1878 1399 1960 quanta
1418 1863 1513 1956 pacis
1535 1885 1625 1956 quae
1648 1875 1739 1935 esset
1756 1887 1836 1931 cum
1854 1857 2036 1934 honestate
2059 1866 2253 1950 coniuncta,

222 2008 368 2054 munem
390 1984 632 2056 infirmitatem
656 1981 795 2074 generis
820 1978 987 2065 humani,
1020 1995 1053 2051 ct
1075 2001 1226 2072 oremus⁴
1268 1993 1334 2038 nec
1356 1981 1497 2038 nostrae
1519 1964 1685 2053 religioni
1710 1963 1854 2034 inimica
1879 1963 1944 2060 (ita
1961 1963 2102 2061 vivam)
2125 1969 2251 2058 cupidi-

222 2087 336 2157 filium
352 2081 437 2173 Dei,
462 2099 503 2156 ut
517 2087 687 2179 reprimat
707 2087 844 2155 sorores
860 2083 1022 2164 Diaboli,
1048 2095 1081 2154 et
1102 2093 1218 2150 servet
1269 2084 1339 2142 tate
1356 2068 1550 2160 llagrarim:
1577 2092 1646 2161 qua
1662 2067 1806 2160 quidem
1824 2081 1985 2158 potestne
2002 2069 2145 2164 aliquid
2160 2066 2258 2142 Chri-

224 2185 419 2258 Ecclegiam
436 2211 555 2271 guam,
581 2203 616 2260 et
631 2212 696 2258 1103
711 2190 750 2258 in
763 2212 824 2270 ea,
851 2187 1062 2258 gicutdixitg
1098 2183 1216 2254 Nemo
1270 2173 1398 2258 Silano,
1421 2171 1508 2242 elin
1524 2170 1638 2240 lllel'ls
1655 2170 1765 2240 vitam
1779 2169 2064 2258 flgenllitCCltlel'e
2079 2172 2262 2264 optatius?

224 2291 338 2383 rapiet
353 2314 437 2362 oves
450 2314 546 2361 meas
562 2315 604 2362 ex
619 2291 785 2361 manibus
801 2289 899 2361 meis.
934 2289 1003 2360 Die
1019 2285 1194 2362 27:1utii.
1272 2270 1390 2368 Atque
1404 2273 1542 2342 utinam
1557 2271 1632 2364 isti,
1659 2272 1722 2364 qui
1739 2293 1774 2340 se
1791 2271 1886 2363 pacis
1909 2285 2049 2344 autores
2066 2289 2102 2346 et
2126 2289 2267 2346 amato-

732 2389 921 2484 Philippus
942 2383 1168 2462 Melanthon,
1271 2399 1327 2448 res
1343 2373 1467 2445 haberi
1481 2375 1625 2457 volunt,
1653 2374 1929 2468 innocentesque
1951 2377 2117 2446 omnibus
2144 2378 2268 2467 exagi-

354 2544 563 2640 lnquiratur
604 2545 667 2616 ubi
683 2546 730 2618 sit
742 2561 858 2618 sartor
872 2543 1124 2637 Triptissensis
1157 2541 1220 2636 qui
1273 2494 1348 2549 lam
1362 2476 1596 2546 i⁰⁰⁰mm⁰di⁵
1614 2476 1672 2546 isti
1691 2477 1838 2570 inquam
1854 2501 1948 2545 ³¹¹⁰⁰
1966 2479 2157 2568 wilellmi,
2180 2501 2267 2548 ’ΠΕΟ

572 2599 583 2632 ’
1133 2595 1143 2629 s

276 2641 336 2717 hic
354 2650 521 2734 servivit,
547 2663 583 2720 et
598 2649 837 2738 interrogetur
847 2644 904 2745 ll),
929 2671 1001 2742 quo
1020 2669 1132 2742 usque
1147 2669 1220 2717 uua

276 2749 400 2838 ierint,
423 2763 458 2822 et
473 2751 579 2846 quale
594 2752 663 2822 iter
677 2752 797 2822 fuerit.

1273 2581 1327 2652 uti
1349 2592 1464 2650 essent
1488 2577 1637 2647 consilio
1660 2603 1765 2671 quam
1789 2579 1899 2648 armis
1914 2581 2089 2652 decertare
2109 2579 2267 2652 maluis-

1274 2696 1368 2768 sent,
1399 2681 1557 2774 profecto
1584 2693 1703 2750 tantae
1733 2679 1850 2750 clades
1880 2681 1920 2750 in
1944 2678 2136 2751 Germania
2164 2707 2265 2753 cout-

1273 2785 1376 2857 muni
1391 2783 1501 2875 patria
1519 2806 1702 2876 nunquam
1717 2783 1922 2858 extitissent
1975 2781 2045 2856 Sed
2060 2807 2106 2854 ne
2121 2785 2268 2876 longius

1274 2887 1500 2981 progrediar,
1537 2885 1604 2956 tibi
1624 2885 1673 2953 mi
1695 2877 1887 2982 Philipps,
1919 2885 1983 2980 qui
2003 2885 2117 2956 vicem
2141 2902 2176 2958 te
2203 2889 2270 2959 do-

1274 2991 1382 3062 luisse
1394 3012 1510 3058 meam
1522 2987 1665 3071 scribis,
1691 2987 1818 3077 gratias
1842 3011 1927 3081 quas
1946 2988 2080 3074 debeo,
2105 3013 2175 3080 ago
2193 3015 2268 3060 ma-

222 3119 290 3192 No,
303 3117 419 3198 5646·
1082 3137 1141 3200 ῃ.
1160 3127 1209 3192 qul
1272 3095 1403 3179 simas,
1427 3093 1563 3184 istaque
1578 3090 1717 3160 nobisa
1734 3103 1831 3180 patre
1846 3089 1995 3161 Domini
2019 3104 2056 3162 et
2077 3093 2267 3164 salvatoris

229 3215 441 3254 w„
673 3260 680 3271 ,
1080 3177 1220 3249 w..)
1273 3197 1387 3268 nostri
1402 3192 1482 3265 lesu
1496 3188 1650 3277 Christi,
1676 3208 1717 3263 ut
1731 3193 1815 3261 fides
1829 3193 2057 3263 confirmetur
2073 3208 2264 3280 nostra,et

315 3325 515 3416 Iouam
542 3323 767 3416 Athenas
795 3327 861 3414 ad
888 3328 1103 3416 Melam
1274 3299 1444 3368 excitetur
1474 3295 1674 3380 invocatio,
1705 3297 1777 3364 scio
1813 3294 1989 3364 accidisse.
2047 3295 2189 3368 Munus
2211 3295 2253 3364 ll.

1085 3391 1115 3442 *⁸
1273 3393 1462 3471 Mchoeli
1474 3389 1676 3488 Stoulmfio
1691 3397 1870 3467 levidense
1893 3397 2014 3484 mitto,
2038 3399 2150 3494 eique
2162 3401 2199 3468 de
2212 3395 2251 3465 li·

292 3485 379 3556 lffi
404 3485 717 3572 primadettneutene,
753 3505 837 3542 “¹²⁰⁰
858 3488 948 3571 ,Μ
974 3487 1086 3572 ¹⁰3⁰05'
1111 3488 1219 3572 ’Μ
1272 3504 1358 3585 hro,
1384 3527 1490 3597 quem
1514 3494 1605 3569 mihi
1626 3500 1824 3591 inscripsit,
1851 3521 1916 3591 ago
1937 3500 2077 3590 gratias.
2133 3501 2258 3572 Tean-

326 3573 438 3636 proprsa
455 3567 572 3679 scripta,
597 3575 667 3628 quae
684 3567 840 3613 asservator
857 3577 886 3612 m
905 3559 1038 3612 tabulario
1058 3557 1218 3614 Suerrnensa

326 3624 494 3696 sarapte·
535 3625 649 3680 ebetati
662 3626 820 3700 praefecto,
838 3627 951 3683 clarita
970 3627 1073 3684 Eoos.
1272 3618 1342 3676 tem
1365 3601 1593 3675 vehementer
1613 3626 1678 3672 oro
1706 3603 1876 3696 quoniam
1901 3603 1972 3672 tuis
1989 3602 2102 3673 literis
2117 3603 2265 3674 mirifice

1272 3707 1444 3792 delector,
1469 3729 1570 3797 saepe
1587 3705 1632 3775 ad
1649 3729 1722 3790 me,
1750 3707 1842 3775 etde
1857 3705 2025 3774 omnibus
2044 3706 2157 3776 rebus
2180 3705 2269 3776 seri·

223 3775 438 3856 Reverendo
458 3794 491 3856 ct
511 3781 723 3858 clarissimo
746 3785 842 3875 viro,
867 3781 1099 3887 Philippo
1123 3785 1219 3860 Me·
1272 3811 1346 3885 bg,
1401 3805 1495 3879 Amo
1517 3822 1568 3894 to,
1602 3801 1821 3901 charumque
1843 3801 1978 3889 babeo,
2009 3831 2139 3904 meque
2160 3809 2272 3879 vicis·

226 3880 428 3958 Ianthen
441 3885 473 3970 i,
493 3886 632 3959 ortium
648 3899 680 3960 et
698 3913 834 3962 sacrae·
845 3884 1053 3985 theologiae
1071 3889 1111 3962 in
1121 3890 1216 3962 Aca·
1271 3913 1337 3981 ,im
1355 3935 1374 3982 a
1389 3925 1423 3983 ῃ,
1440 3911 1570 3997 amari,
1596 3935 1677 3980 cum
1693 3911 1795 3992 volo,
1819 3923 1894 3981 tom
1910 3909 2062 3982 confido.
2113 3907 2225 3982 Bene
2239 3927 2272 3982 et

250 3991 372 4062 demin
391 3987 434 4066 V
431 3987 648 4086 itcbergcusi
658 3987 889 4093 Professori,
913 3994 1033 4068 amico
1052 4004 1191 4073 nostro.
1270 4015 1422 4086 feliciter
1440 4014 1529 4088 volo,

274 4141 428 4216 Ioannes
455 4140 625 4219 Albertus
649 4141 717 4217 Dei
736 4148 848 4240 gratia
871 4144 953 4220 Dux
980 4147 1217 4243 Megapolen-
1371 4113 1484 4188 Dalm*
1502 4113 1661 4188 swerinl
1675 4113 1738 4188 27·
1759 4110 1843 4184 lulli
1861 4111 1927 4184 ΑΟ·
1942 4112 2004 4190 54·

325 4247 373 4317 sis
397 4261 463 4322 etc.
1864 4215 1980 4290 Manu
2001 4239 2091 4288 mea.
2147 4213 2227 4292 Ad.

226 4363 274 4451 S·
325 4377 392 4453 Est
412 4383 462 4454 ita
485 4396 525 4453 ut
546 4383 691 4470 scribis,
718 4378 973 4456 humanissime
987 4387 1056 4456 vir:
1080 4391 1216 4480 patriae

226 4485 320 4554 enim
339 4509 442 4556 causa
461 4511 550 4579 qnae
573 4481 663 4554 mihi
678 4499 749 4571 cst,
776 4499 824 4584 ut,
833 4509 905 4557 esse
921 4490 1045 4574 debet,
1077 4494 1217 4562 carissi-

227 4609 302 4670 ma,
335 4612 455 4678 pacem
477 4587 556 4661 feci.
608 4583 687 4658 Etsi
714 4601 831 4658 autem
853 4589 958 4660 initio
983 4585 1215 4666 mihiaDeo
1269 4583 1466 4662 N0.6647.

229 4687 364 4782 optimo
385 4691 539 4764 maximo
561 4703 712 4781 potestas
736 4691 922 4762 resistendi
946 4689 1126 4781 hostibus,
1153 4699 1215 4790 qui
1277 4681 1449 4713 Μ
1817 4737 1826 4760 .
1864 4738 1874 4756 .

227 4815 285 4857 me
299 4791 398 4860 nulla
411 4817 534 4878 causa,
559 4817 599 4862 ac
614 4816 712 4866 meos
727 4801 861 4882 potius,
882 4819 948 4866 nec
961 4796 1095 4870 indicto
1111 4788 1217 4886 hello,
1419 4878 1436 4894 ..
1626 4736 1737 4850 eph·
1762 4735 1911 4824 mlo·

227 4891 371 4960 iniuriis
401 4895 569 4964 omnibus
590 4909 824 4981 vexaverunt,
860 4921 935 4966 nou
958 4903 1216 4974 contemnenda
1272 4964 1281 4988 ,
1338 4877 1673 4951 M³⁰¹¹¹l²“²⁸·¹⁵⁰⁸‘1·

227 4997 392 5076 daretur,
407 4997 699 5089 tameniniquam
714 4999 813 5068 illam
829 4999 974 5094 quidem
992 5015 1026 5072 et
1043 5005 1217 5090 acerbam,
1268 4998 1482 5074 Reverendo
1509 5003 1604 5088 viro,
1628 4997 1684 5077 D.
1709 4989 2065 5100 christophoro
2086 4993 2282 5100 Libya,

227 5097 362 5191 patriae
376 5111 494 5165 tamen
513 5099 731 5186 profuturam
747 5125 888 5194 pacem,
914 5103 1105 5174 iustissimo
1120 5107 1216 5176 bello
1268 5101 1696 5206 postoriEcclesioeDei
1709 5106 1749 5174 in
1763 5103 1872 5176 veteri
1885 5097 2132 5193 drceBreuni,
2139 5105 2286 5206 fratri

119 5265 124 5272 .
227 5199 351 5294 putavi
368 5221 442 5268 esse
455 5199 737 5290 praeferendam:
764 5205 970 5296 praesertim
984 5231 1065 5280 cum
1079 5209 1217 5298 iisdem,
1493 5205 1500 5232 ⁸
1611 5231 1681 5278 suo
1696 5201 1928 5280 charissimo.
2020 5278 2025 5291 ⁸

1271 5323 1320 5413 S.
1343 5336 1388 5412 D.
1439 5337 1650 5412 Reverende
1667 5343 1723 5410 vir
1743 5357 1775 5413 et
1791 5335 1996 5412 charissime
2011 5343 2134 5417 frater.
2191 5344 2284 5419 Ao.

261 5461 402 5536 *thara
419 5462 660 5532 decerneretur.
1032 5445 1036 5454 “
1269 5442 1337 5514 suit
1359 5442 1399 5512 in
1418 5443 1561 5535 publica
1583 5444 1853 5516 renunciatione
1874 5445 2022 5537 gradus,
2057 5445 2114 5514 vir
2138 5448 2279 5522 doctus
