4814 6172
129 283 209 362 185

138 483 195 533 res
216 449 298 532 fore
321 456 563 554 lmpenomm
584 457 831 546 confusiones,
864 463 1139 554 quamiuemnt

138 578 256 636 antea.
276 561 282 572 ’
302 559 383 633 'Sed
404 575 582 654 petamus,
607 554 801 633 Ecclesiam
816 563 911 634 inter
932 559 995 634 has
1016 565 1140 636 ruinas

139 687 337 758 reguomm
351 664 488 748 servari
508 662 732 741 aritiensi.
783 661 902 755 Quam
923 669 1037 740 tristia
1060 691 1140 760 spe-

144 769 280 842 ctacula
297 766 392 838 vidit
413 780 525 857 aestas
547 762 742 861 sarperio'ris
764 770 852 840 anni
874 767 914 838 in
943 767 1138 843 Germania

150 885 186 944 et
204 871 240 942 in
260 865 404 958 Auglia.
466 866 516 940 Et
538 863 624 942 huic
654 892 749 940 anno
777 872 1140 959 sideradenuneiant

150 972 394 1046 horribiliores
427 985 558 1044 motus.
616 966 854 1047 Oro-Filium
881 969 969 1056 Dei,
1007 989 1049 1047 ut
1072 999 1139 1046 uos

143 1088 379 1170 protegat„et
394 1097 473 1148 non
485 1074 582 1151 sinat
599 1071 677 1150 beri
693 1076 895 1150 barbaricas
916 1077 1138 1152 vastationes.

140 1179 185 1250 ln
200 1174 269 1250 hae
285 1177 417 1248 vicinia
433 1176 502 1265 Dei
516 1175 688 1249 beneficio
703 1175 821 1252 adhuc
835 1176 1029 1254 mediocria
1053 1195 1137 1252 stsnt

139 1281 391 1353 doctrinarum
412 1279 547 1366 studia,
572 1283 792 1372 ut·pagellae
814 1277 1026 1370 ostendunt,
1052 1307 1140 1377 quas

137 1383 261 1458 mitto.
300 1380 357 1453 Te
370 1407 453 1467 oro,
467 1397 508 1454 nt
524 1383 710 1469 libellum,
726 1387 783 1456 cui
798 1386 923 1458 titulus
938 1401 1008 1472 est,
1025 1383 1138 1458 Exa-

137 1481 290 1582 men*),
316 1485 411 1574 legas
425 1499 595 1579 tanquam
613 1509 758 1558 severus
775 1513 911 1560 censor.
950 1487 1137 1577 Quaedam

137 1583 379 1682 intexuirrspi
392 1589 463 1660 τοῦ
477 1581 614 1687 satyra,
649 1585 705 1660 De
727 1592 836 1662 tantis
857 1593 963 1664 rebus
979 1593 1137 1686 colloqui

136 1709 259 1766 tecum
276 1691 394 1784 cupio.
446 1687 496 1762 Et
508 1716 566 1761 me
581 1689 748 1764 fortassis¹
763 1688 871 1766 huius
894 1693 983 1767 anni
1004 1696 1140 1769 tumul-

136 1812 198 1868 tus
219 1791 311 1866 hinc
330 1793 519 1886 expellent.
555 1791 667 1867 Bene
687 1809 722 1868 et
741 1797 892 1869 feliciter
916 1799 994 1870 vale
1020 1808 1055 1869 et
1080 1821 1137 1870 re·

137 1899 270 1972 scribe.
320 1893 489 1970 Calendis
506 1895 642 1972 Martii.

446 2023 450 2030 ·
793 2008 799 2018 '
887 1997 1088 2096 Philippus.

496 2201 1129 2223 -ψῦ--ὴ---ι--ο-ήι-ρ--αι-ψ--α

148 2329 217 2408 Νο.
233 2327 339 2410 5555.

156 2429 322 2460 Μ

445 2495 503 2584 Ρ.
534 2496 830 2624 Medmonno.

207 2657 289 2716 Edita
304 2659 364 2714 aS.
375 2659 411 2716 Α.
424 2657 565 2719 Gabbama
581 2659 609 2714 in
626 2661 705 2732 epist.
719 2662 786 2718 clar.
801 2659 894 2718 Viror.
910 2682 937 2736 p.
950 2665 992 2719 89.

288 2787 589 2890 ‚MPetrum
614 2789 964 2874 Medmannum.

132 2927 375 3029 integerrime
390 2930 458 3007 Vir
473 2951 508 3008 et
522 2936 701 3008 carissime
714 2933 850 3011 Frater.
902 2931 1003 3008 Nihil
1019 2939 1136 3010 scribo

134 3045 182 3114 de
201 3040 440 3134 imperiorum
469 3039 705 3126 tumultibus,
740 3042 784 3110 de
814 3039 946 3134 quibus
971 3054 1004 3111 te
1034 3043 1135 3136 plura

133 3145 229 3216 scire
244 3167 321 3213 non
337 3143 482 3229 dubito,
508 3167 614 3238 quam
631 3163 694 3232 ego
710 3142 795 3216 scio.
846 3133 925 3212 Oro
939 3157 1058 3214 autem
1073 3142 1136 3214 Fi-

133 3249 231 3318 lium
246 3242 335 3330 Dei,
361 3259 403 3316 ut
415 3245 510 3318 inter
523 3241 587 3316 bas
603 3244 791 3336 regionum
806 3245 930 3318 ruinas
942 3243 1136 3318 servetEc-

132 3349 284 3420 alestam
298 3371 410 3418 suam.
460 3345 621 3439 Pagellas
636 3347 704 3418 tibi
718 3348 821 3420 mitto
843 3362 945 3420 testes
969 3349 1134 3420 laborum

134 3464 366 3536 nostrorum,
401 3463 436 3522 st
453 3461 553 3542 peto,
586 3464 628 3522 ut
651 3450 804 3534 librum,
838 3451 896 3523 cui
922 3451 1048 3524 titulus
1074 3467 1136 3540 est,

134 3549 387 3648 Esameffl),
418 3575 607 3645 generosae
630 3549 858 3644 Dominae²)
881 3556 1012 3629 tradas.
1062 3553 1136 3628 Ta-

135 3659 186 3729 lia
203 3655 362 3728 scribere
375 3654 496 3727 iudico
512 3656 643 3728 rectius
662 3679 753 3743 esse,
779 3681 886 3752 quam
900 3671 1034 3728 certare
1048 3683 1134 3728 con-

134 3759 263 3845 siciis,
295 3778 375 3832 cum
399 3757 465 3846 iis,
499 3761 562 3856 qui
589 3781 655 3831 nos
685 3759 870 3847 allatrant,
901 3784 967 3832 nec
982 3762 1135 3832 ‘student

132 3861 328 3962 complecti
343 3861 520 3954 integrum
543 3863 726 3934 doctrinae
744 3887 884 3958 corpus.
936 3859 1078 3952 Quaeso
1094 3875 1134 3934 ut

135 3965 245 4036 nobis
270 3963 403 4034 scribas
421 3987 484 4057 per
504 3959 602 4036 hunc
623 3965 861 4041 tabellarium.
919 3961 1018 4036 Bene
1046 3961 1133 4036 Vale

138 4065 269 4142 Carisa.
282 4063 419 4141 Frater.
469 4063 544 4160 Cal.
561 4065 698 4138 Martii.

881 4161 1081 4262 Philippus.

998 2349 1034 2412 1.
1048 2341 1137 2406 Mart.

999 2429 1134 2462 Μ

873 4363 1131 4376 wan-*nunn—

983 4477 1127 4549 ,nilne

983 4556 1129 4602 ’Μ

140 4471 336 4604 Q.

489 4645 557 4735 M.
588 4643 781 4734 Callisto.

239 4793 264 4864 ‘i'
281 4790 320 4846 ΕΙ
336 4807 433 4866 ΙΡοετ.
450 4792 479 4848 iu
498 4791 560 4852 cod.
580 4791 666 4852 Paris.
684 4793 722 4852 D.
735 4791 767 4850 1..
782 4793 842 4850 54⁸.

161 4985 194 5054 θ)
217 4977 338 5034 &amen
357 4995 471 5046 eorum,
491 4979 539 5052 qui
557 4975 708 5031 audiuntur
726 4986 789 5030 ante
807 4977 890 5030 ritum
913 4979 1037 5048 publicae
1051 4946 1137 5032 ordi:

202 5047 334 5106 natioms.
370 5043 483 5102 Witcb.
505 5047 579 5100 1551.
602 5045 627 5102 8.
663 5043 843 5100 Germanicas
884 5046 940 5104 Dec
958 5049 1130 5108 &hircabta

204 5118 338 5188 transm
357 5117 404 5174 cols
419 5122 447 5174 st
464 5123 492 5174 tn
511 5119 555 5174 tes
572 5113 827 5184 ttcdstntutettdtsn
845 5113 1071 5190 dlrdsrortnurq
1087 5135 1129 5188 sss

200 5187 334 5258 15111111.
371 5187 499 5244 narem.
520 5185 594 5239 test.
612 5185 640 5242 8.

167 5275 199 5341 1)
218 5271 239 5327 i.
251 5291 280 5327 e.
294 5270 413 5326 &amen
427 5269 671 5333 ordinandorum.
690 5268 746 5327 vid.
762 5267 840 5340 epist.
852 5268 886 5324 ad
899 5267 1087 5342 ilardeuberg.
1101 5269 1129 5324 d.

206 5343 232 5396 1.
245 5341 332 5396 Mart.
346 5347 374 5394 et
387 5339 460 5394 inira
474 5339 501 5394 d.
516 5339 555 5394 17.
567 5337 653 5394 Mart.

165 5431 196 5498 2)
214 5423 380 5482 comitissae
398 5423 501 5480 Frisiae
515 5423 682 5492 Oriutalis,
699 5425 817 5494 Annae,
837 5423 918 5480 matri
934 5422 1055 5480 Eduardi
1076 5443 1129 5482 co·

204 5493 288 5552 mitis.
322 5493 405 5563 (Nou
420 5493 520 5564 Geta.)

721 281 1154 363 EPISTOLARUM
1204 285 1418 367 stnxn.
1471 285 1602 368 1554.

1187 457 1247 532 M
1249 456 1443 537 etth-aco
1468 455 1683 543 Collina.
1708 462 1748 532 in
1766 401 1967 535 Academia
1985 457 2182 562 Progenss'.

1188 610 1235 699 S.
1264 627 1309 702 D.
1369 619 1575 704 Clarissimo
1597 634 1654 702 vir
1685 645 1720 704 et
1741 632 1859 704 caries.
1892 634 2010 706 frater.
2067 627 2115 703 Et
2142 655 2184 702 cx

1188 734 1259 803 tuis
1281 734 1420 826 scriptis
1443 750 1478 806 et
1500 759 1543 824 ex
1565 735 1719 805 aliorum
1742 736 1939 806 amicorum
1957 735 2181 805 sermonibus

1188 837 1367 926 intelligo,
1393 837 1525 913 multos
1539 850 1758 929 praestantes
1774 834 1871 908 vims
1887 861 1960 909 esse
1975 837 2014 910 in
2038 837 2184 908 familiis

1187 940 1365 1030 generosis
1382 941 1495 1034 gentis
1510 936 1742 1027 Bohemicae,
1770 942 1833 1034 qui
1848 943 1893 1012 ad
1915 931 2049 1012 caetera
2076 963 2184 1012 orna·

1188 1055 1306 1114 menta
1338 1043 1538 1114 doctrinam
1565 1044 1713 1118 addunt.
1772 1041 1914 1119 Litcrae
1946 1043 2021 1128 ‚viri
2049 1043 2184 1114 nobilis

1187 1137 1370 1214 Floriani
1393 1149 1482 1216 adeo
1508 1146 1685 1235 eleganter
1706 1147 1751 1216 ad
1774 1171 1830 1216 me
1853 1147 2003 1238 scriptae
2017 1161 2121 1230 sunt,
2144 1159 2184 1216 ut

1188 1248 1299 1338 magis
1321 1273 1403 1318 eum
1418 1247 1588 1320 admirari
1607 1263 1640 1320 et
1662 1245 1825 1346 amare¹)
1851 1250 2038 1340 coeperim.
2090 1245 2182 1318 Cum

1188 1364 1307 1422 autem
1331 1351 1478 1423 excellat
1504 1351 1725 1438 eruditione,
1758 1375 1833 1422 non
1856 1351 1982 1424 dubito
2009 1375 2091 1422 eum
2116 1373 2180 1420 suo

1188 1453 1322 1524 iudicio
1338 1468 1372 1524 te
1389 1453 1586 1547 complecti.
1638 1452 1715 1526 Scit
1730 1455 1826 1526 enim
1842 1454 2090 1546 dignissimum
2108 1475 2181 1522 esse

1127 1593 1136 1610 ·
1188 1557 1266 1628 viro
1292 1556 1418 1652 nobili⁸
1435 1571 1469 1628 et
1493 1555 1627 1650 patriae
1646 1557 1734 1628 utile
1763 1557 1854 1628 tueri
1886 1558 1982 1626 viros
2003 1551 2183 1640 honestos,

1190 1659 1349 1730 eruditos
1370 1673 1405 1730 et
1425 1661 1517 1730 bene
1539 1673 1716 1730 merentes
1738 1661 1782 1730 de
1797 1661 1998 1734 iuventute:
2044 1655 2181 1750 Scripsi

1189 1776 1309 1836 tamen
1324 1763 1369 1832 ad
1384 1787 1465 1833 eum
1481 1764 1525 1832 de
1541 1776 1593 1847 te,
1620 1776 1654 1833 et
1667 1757 1819 1855 petii²),
1843 1777 1885 1836 ut
1901 1777 1935 1836 te
1956 1775 2079 1834 contra
2098 1762 2182 1830 bar·

1189 1867 1357 1937 berorum
1374 1861 1624 1960 sycophantias
1647 1865 1823 1940 defendat.
1872 1863 1960 1956 Legi
1980 1879 2081 1939 tuum
2104 1885 2182 1934 car·

1189 1989 1273 2039 men
1294 1967 1474 2059 praeclare
1499 1981 1533 2038 et
1552 1969 1608 2058 pie
1629 1968 1813 2060 scriptum.
1866 1965 1965 2060 Quid
1981 1967 2075 2038 enim
2099 1965 2181 2036 dul-

1190 2071 1266 2143 cius
1280 2082 1332 2140 est
1348 2090 1455 2164 quam
1471 2072 1567 2164 quod
1584 2071 1670 2142 dicit
1684 2066 1753 2146 τὸν
1768 2062 1901 2167 λόγον,
1925 2095 1988 2164 per
2002 2093 2108 2164 quem
2123 2091 2181 2138 so-

1189 2170 1435 2266 natsapientia
1453 2169 1522 2244 Dei
1537 2173 1656 2263 vagire
1678 2173 1718 2242 in
1741 2173 1867 2246 cunis?
1916 2171 1989 2244 Nec
2011 2171 2182 2263 suspicari

1190 2299 1353 2368 possum,
1378 2277 1466 2371 quid
1482 2276 1592 2348 vestri
1613 2275 1726 2346 critici
1750 2275 1956 2350 arroserint.
2008 2271 2182 2348 Fortassis

1189 2375 1257 2450 hos
1271 2402 1393 2450 versus
1409 2379 1627 2450 mlumuiose
1643 2373 1925 2470 reprehendunt:
1953 2390 2005 2448 est
2017 2390 2180 2448 mortuus

1191 2507 1295 2552 verus
1320 2483 1418 2553 velut
1440 2477 1570 2568 homo,
1609 2481 1792 2576 quiescens
1824 2481 1969 2552 interim
1991 2475 2182 2564 Divinitas,

1189 2610 1274 2656 nam
1288 2585 1391 2658 litera
1406 2581 1442 2656 A
1458 2585 1619 2678 passione
1633 2579 1842 2676 perstitit³).
1893 2581 1962 2652 Hic
1979 2583 2104 2652 recitas
2120 2605 2182 2648 ve-

1190 2689 1276 2760 tusti
1291 2688 1474 2779 scriptoris
1490 2685 1607 2758 lrenei
1622 2687 1741 2757 verba.
1779 2683 1842 2774 ¹Et
1856 2685 1906 2756 sic
1928 2697 2001 2756 tota
2019 2681 2179 2754 Ecclesia

1190 2790 1360 2883 loquitur.
1421 2787 1493 2861 Sed
1519 2790 1549 2860 si
1580 2789 1753 2882 particula
1788 2783 1882 2857 velut
1915 2785 2182 2876 ambiguitatem

1190 2892 1302 2984 parit,
1333 2892 1436 2961 facile
1458 2893 1590 2962 mutari
1611 2891 1732 2983 priora
1755 2889 1906 2959 dimetra
1920 2901 2081 2980 possunt.
2132 2882 2182 2956 Et

1190 3017 1294 3066 came
1315 3018 1398 3063 vere
1420 3008 1471 3063 est
1492 3006 1655 3064 mortuus
1670 2983 1794 3082 effi?
1809 3015 1846 3082 >
1870 2991 2053 3083 quiescens
2087 2989 2181 3060 inte-

1189 3091 1316 3190 rim⁴).
1367 3093 1427 3166 Sic
1441 3093 1569 3166 Petrus
1583 3096 1761 3189 loquitur:
1788 3086 1930 3166 παθών
1946 3085 2067 3187 σαρκί.
2109 3087 2180 3162 Sed

1189 3198 1347 3290 significa
1368 3196 1599 3284 nominatim,
1634 3199 1721 3293 quid
1755 3191 2030 3290 reprehendant.
2089 3190 2179 3265 Car-

1189 3325 1271 3372 men
1288 3314 1389 3372 tuum
1405 3301 1567 3385 remitto,
1592 3299 1622 3369 si
1638 3301 1727 3395 quid
1742 3299 1901 3371 fortassis
1920 3296 2052 3366 mutari
2067 3297 2179 3366 voles.

1187 3399 1237 3476 Et
1258 3405 1288 3474 si
1311 3429 1330 3476 a
1353 3403 1459 3474 nobis
1484 3403 1542 3473 edi
1562 3403 1679 3490 voles,
1709 3402 1894 3476 remittito.
1951 3397 2112 3490 Pegellas
2135 3399 2179 3467 dc
2299 3385 2307 3412 ⁸

1187 3509 1285 3580 bono
1311 3507 1472 3602 principe
1486 3499 1651 3576 Asconio
1675 3506 1776 3576 vobis
1789 3501 1914 3586 mitto,
1943 3503 2043 3574 cuius
2066 3501 2179 3571 excel·

1186 3611 1299 3684 lentes
1321 3610 1469 3682 virtutes
1491 3609 1629 3682 utinam
1655 3609 1847 3702 potuissem
1870 3605 1999 3676 melius
2021 3604 2178 3697 pingere.

1186 3709 1361 3785 Existimo
1390 3725 1505 3783 autem
1535 3713 1702 3806 prodesse
1723 3713 1812 3782 tales
1833 3705 2000 3782 historias
2025 3705 2179 3777 iuniori-

1186 3816 1264 3889 bus.
1317 3813 1358 3886 si
1380 3815 1497 3884 vivam
1519 3815 1624 3886 etiam
1646 3818 1690 3885 de
1706 3809 1881 3885 Bohemia
1903 3825 2018 3881 vestra
2042 3808 2179 3902 aliquid

1185 3917 1355 4004 scribam,
1381 3917 1446 3988 etsi
1463 3932 1502 3988 tu
1517 3919 1661 4012 quidem
1682 3918 1796 3988 multo
1810 3915 1939 3986 melius
1953 3911 2104 4006 patriam
2118 3933 2178 3982 or·

1185 4043 1272 4090 nare
1293 4033 1401 4110 potes.
1454 4015 1504 4089 Et
1525 4021 1555 4092 si
1579 4021 1666 4114 quid
1681 4021 1749 4090 fuit
1765 4013 1854 4088 mihi
1870 4015 2028 4106 ingenii,
2054 4013 2091 4083 id
2119 4037 2178 4084 ex·

1185 4123 1336 4194 tinctum
1358 4133 1410 4192 est
1432 4121 1583 4192 assiduis
1606 4123 1788 4194 aerumnis
1809 4135 1844 4194 et
1866 4119 2072 4200 doloribus,
2098 4139 2178 4184 cum

1184 4223 1345 4316 undique
1370 4245 1427 4292 me
1447 4222 1620 4296 invadant
1641 4219 1878 4320 sycophantae
1899 4217 2016 4316 ὥςπερ
2043 4211 2175 4312 θηρία,

1182 4327 1274 4398 sicut
1289 4326 1335 4396 de
1347 4348 1420 4396 sese
1435 4325 1554 4420 inquit
1568 4321 1838 4400 Demosthenes.
1876 4321 1947 4396 Sed
1964 4319 2175 4394 commendo

1183 4425 1378 4500 Ecclesiam
1394 4442 1428 4499 et
1441 4452 1498 4500 me
1510 4427 1601 4508 Deo.
1650 4429 1749 4502 Bene
1766 4443 1801 4504 et
1814 4427 1964 4500 feliciter
1976 4425 2064 4496 vale.
2098 4418 2176 4498 Cat

1182 4528 1325 4618 Martii,
1354 4527 1466 4607 1554.

1217 4836 1244 4902 1)
1262 4837 1379 4898 umore]
1398 4831 1496 4906 scripsi
1521 4849 1572 4904 pro
1592 4833 1704 4893 umori,
1732 4837 1762 4883 ut
1789 4843 1881 4902 apogr.
1909 4823 1999 4880 habet.
2041 4823 2174 4898 Suspicor

1248 4905 1456 4960 Melautbonem
1469 4901 1610 4973 scripsisse
1626 4899 1769 4956 venerari.

1212 5009 1244 5072 ἲ)
1259 5007 1342 5075 pesa]
1360 5003 1456 5077 scripsi
1471 5021 1522 5076 pro
1533 5011 1614 5070 peto.
1634 4999 1708 5074 qnod
1726 4999 1855 5056 mendum
1871 5007 1921 5054 est.

1211 5111 1239 5178 5)
1257 5109 1330 5165 Dedi
1341 5117 1371 5162 ut
1383 5105 1560 5180 apographon
1577 5123 1607 5160 ca
1621 5103 1708 5160 babet.

1208 5213 1240 5279 t)
1260 5209 1330 5265 Dedi
1343 5217 1373 5264 ut
1386 5209 1486 5278 scripta
1502 5215 1573 5262 suut.

2110 289 2188 370 stt
