4814 6172
225 247 300 324 251
809 238 1240 372 uotsronanutr
1289 245 1397 324 nna.
1423 247 1507 330 xn.
1562 255 1693 338 15⁵4.
1961 346 1974 356 ,
2187 275 2268 350 ese

231 421 281 490 ris
299 415 477 492 Ecclesiae
501 409 692 486 catholicae
708 411 795 500 Dei,
826 415 997 516 traditmn
1011 414 1057 487 in
1083 414 1222 506 scriptis
1271 442 1351 490 rum
1373 426 1649 517 promissionum
1666 446 1701 504 et
1716 434 1892 513 invocatio
1911 441 2135 531 adferebant,
2167 447 2267 519 dice-

233 515 447 614 propheticis
480 530 513 586 et
541 514 762 608 apostolicis,
803 530 837 588 et
862 517 977 603 studia
1005 531 1038 588 et
1065 517 1221 608 pericula
1271 521 1332 599 bat
1362 549 1398 593 se
1427 549 1503 598 non
1532 523 1789 608 habere-aliam
1812 539 2026 629 levationem
2048 549 2268 638 moestitiae,

231 621 486 714 prospiciebat,
519 630 638 691 tamen
661 618 830 709 ostendit,
863 619 981 710 palam
1000 642 1035 688 se
1058 618 1222 708 amplecti
1271 622 1340 692 nisi
1363 627 1538 720 colloquia
1560 635 1776 725 optimorum
1801 641 1949 716 fratrum
1972 659 2007 722 st
2023 648 2179 720 aliorum
2194 646 2267 722 lao-

231 737 434 796 nostrarum
456 717 695 792 Ecclesiarum
720 721 993 806 confessionem,
1031 735 1066 794 et
1089 721 1134 789 ab
1158 720 1221 788 atl-
1270 738 1451 800 nestorum
1471 755 1513 800 ac
1534 731 1718 813 doctorum
1742 743 1919 831 viromm,
1956 772 1997 818 ac
2019 751 2267 824 delectabatur

231 826 471 898 versariorum
497 819 653 890 consiliis
671 835 705 892 et
721 822 898 898 sacrificiis
913 823 1089 911 discessit,
1115 845 1222 914 seque
1269 821 1337 896 hoc
1353 851 1471 905 versu:
1497 829 1571 927 ἡδύ
1583 863 1626 934 ys
1641 835 1754 935 φίλου
1770 832 1879 943 λόγος
1893 845 1969 921 ἔστι
1983 851 2060 934 τοῖς
2074 853 2266 948 λυπουμέ.

230 945 346 1004 totum
378 923 513 998 dedidit
544 916 739 1014 precationi
772 937 806 996 ct
831 918 992 1018 lectioni,
1025 937 1060 993 et
1084 924 1221 1006 fratres,
1268 951 1358 1008 νοις.
1408 929 1463 1001 De
1485 937 1687 1012 forensibus
1704 950 1954 1020 controversiis
1970 954 2162 1028 disserebat
2178 982 2266 1030 cum

231 1034 385 1126 optimos
410 1025 613 1118 Principes,
653 1042 732 1096 cum
758 1026 886 1118 quibus
914 1026 1046 1095 intuta
1073 1025 1145 1094 vita
1170 1024 1220 1093 sic
1269 1030 1354 1104 viris
1379 1033 1581 1115 clarissimis
1596 1040 1870 1120 iurisconsultis
1892 1054 2063 1144 sapientia
2079 1070 2114 1128 et
2127 1057 2265 1130 virtute

230 1135 338 1218 vixit,
363 1128 519 1202 utnulla
540 1149 595 1196 res
611 1151 768 1220 unquam
785 1152 908 1219 eorum
926 1127 1153 1196 concordiam
1166 1127 1219 1194 la·
1268 1138 1547 1224 praestantibus,
1579 1140 1798 1242 Hieronymo
1820 1145 1991 1248 Schugfio
2014 1172 2051 1230 et
2071 1157 2264 1233 Ludovico

176 1251 180 1260 “
229 1231 469 1318 befactaverit,
489 1228 528 1296 in
544 1229 724 1298 laboribus
738 1229 1003 1319 gubernationis
1017 1228 1139 1298 sedulo
1153 1229 1220 1296 ad·
1267 1225 1434 1306 Facbst'o
1451 1235 1498 1334 ¹),
1528 1244 1572 1312 de
1588 1250 1745 1338 corporis
1762 1245 1911 1324 bomani
1928 1271 2072 1345 natura,
2097 1262 2142 1330 de
2159 1287 2266 1334 mor.

229 1338 329 1410 iuvit.
356 1331 409 1407 Ac
424 1331 579 1423 primum
594 1333 773 1400 communi
790 1332 938 1400 consilio
954 1355 1033 1411 cum
1050 1331 1218 1399 fratribus
1268 1336 1395 1405 horum
1412 1342 1523 1411 causis
1540 1358 1573 1416 et
1590 1351 1755 1421 remediis
1767 1377 1846 1424 cum
1863 1357 2085 1446 peritissimis
2099 1365 2266 1452 medicis,

229 1435 440 1510 instauravit
461 1429 636 1501 Ecclesiae
659 1434 695 1501 in
720 1433 852 1523 patria,
872 1428 1048 1524 'praefecit
1072 1433 1217 1500 idoneos
1245 1523 1246 1530 ἵ
1266 1430 1474 1516 Sebastiano
1491 1441 1722 1538 Aurbachio,
1744 1453 1944 1544 Augustino
1960 1455 2131 1556 Schurfio
2150 1479 2187 1536 et
2204 1465 2264 1538 la-

228 1555 403 1638 pastores,
444 1535 547 1604 iussit
574 1549 668 1605 recte
697 1535 815 1603 doceri
839 1535 1031 1624 populum,
1064 1533 1217 1602 abolevit
1266 1534 1355 1610 eobo
1378 1537 1576 1630 tutatio,
1614 1553 1658 1622 de
1682 1555 1844 1637 doctrina
1867 1555 2045 1636 Ecclesiae
2067 1590 2149 1636 eum
2174 1561 2264 1640 Lu.

227 1629 316 1716 ritus
340 1640 502 1720 vitiosos,
527 1637 710 1706 constituit
730 1631 883 1720 scholas,
906 1635 1069 1704 attribuit
1083 1633 1215 1725 stipen-
1265 1633 1386 1726 thero,
1416 1637 1516 1716 Iona
1539 1659 1573 1720 et
1596 1648 1755 1726 lohann'e
1775 1653 2027 1758 Bugeuftugio
2044 1665 2262 1754 Pomerano,

226 1748 296 1819 dia.
350 1741 401 1812 lta
424 1740 516 1810 lacta
541 1751 592 1806 est
616 1739 815 1806 emendatio
841 1739 918 1806 sine
937 1736 1215 1811 dissensionibus
1265 1766 1303 1812 ac
1326 1745 1453 1816 multas
1476 1774 1597 1822 eorum
1623 1755 1878 1847 disputationes
1900 1766 2021 1855 plenau
2041 1771 2260 1846 eruditionis

57 1891 60 1898 =
227 1863 260 1918 ct
283 1839 632 1916 sineullo'tumnltu.
683 1830 730 1907 Et
747 1840 887 1908 iudiciis
903 1837 1120 1928 acexernplis
1135 1838 1215 1927 pio·
1264 1856 1298 1914 et
1318 1845 1458 1936 pietatis
1480 1855 1717 1928 meminimus.
1769 1857 1975 1938 Assedimus
1997 1893 2076 1940 cum
2100 1873 2259 1949 interro·

223 1973 303 2019 rum
318 1943 527 2034 Principum
549 1940 656 2010 multi
681 1943 724 2009 ad
748 1942 964 2030 agnitionem
988 1940 1141 2010 veritatis
1157 1939 1213 2007 in·
1263 1960 1360 2034 garet
1375 1947 1591 2036 Lntherum,
1619 1983 1691 2050 quo
1714 1965 1819 2032 modo
1843 1966 2018 2040 invocatio
2040 1971 2080 2041 ᾗ]
2095 1970 2252 2050 Ecum-⁸

223 2049 326 2119 vitati
349 2055 452 2127 sunt,
482 2042 586 2114 multi
610 2044 817 2115 confirmati.
876 2041 1003 2127 Postea
1026 2051 1059 2121 'et
1083 2041 1213 2109 inalils
1263 2048 1492 2142 discernenda
1526 2057 1570 2126 sit
1597 2061 1641 2130 ab
1669 2055 1809 2137 ethnica
1835 2067 2076 2160 invocatione,
2112 2099 2200 2148 cum
2222 2095 2255 2152 et

223 2149 384 2244 partibus
407 2144 672 2235 gubernationis
694 2144 844 2214 fideliter
866 2157 900 2214 et
921 2143 1057 2212 utiliter
1080 2142 1212 2234 patriae
1262 2143 1407 2222 Ethuici
1421 2178 1495 2229 non
1511 2157 1635 2230 furiosi
1651 2165 1855 2254 eogitarint,
1881 2195 1989 2244 uuam
2007 2197 2081 2246 esse
2097 2195 2260 2253 mentem

224 2251 381 2322 servivit.
415 2243 576 2314 Deinde
605 2259 748 2315 vocatus
772 2249 816 2315 ad
838 2245 1013 2315 Ecclesias
1042 2245 1226 2333 regendas,
1261 2246 1538 2328 architectricem
1558 2265 1708 2333 mundi?
1765 2265 1822 2338 lbi
1841 2263 2033 2345 Lutlverus
2056 2285 2280 2371 respoudit,

223 2356 262 2422 iu
279 2345 546 2436 Mersburgensi
571 2347 719 2430 diocesi,
751 2349 803 2416 ibi
824 2369 966 2439 qnoque
984 2359 1077 2414 recte
1093 2345 1211 2417 doceri
1260 2374 1398 2442 semper
1413 2356 1451 2424 in
1467 2359 1690 2434 invocatione
1703 2370 1929 2457 cogitandum
1946 2399 2036 2464 esse,
2059 2382 2148 2473 quid
2162 2383 2260 2457 allo.

223 2455 395 2548 populum
420 2448 574 2530 curavit,
607 2460 641 2516 et
664 2449 815 2537 praefuit
838 2440 1005 2517 Ecclesiis
1025 2447 1211 2516 universae
1261 2477 1429 2546 quamur,
1454 2475 1491 2532 et
1510 2461 1768 2554 seiungendum
1787 2495 1859 2544 esse
1878 2490 2035 2548 nostram
2052 2481 2260 2560 invocatio-

223 2553 379 2647 regionis
392 2549 594 2644 Mysorum,
620 2549 756 2642 fuitque
782 2545 839 2618 bic
856 2550 888 2618 ei
905 2549 997 2618 vitae
1013 2563 1135 2618 cursus
1148 2573 1211 2616 an·
1259 2579 1341 2626 nem
1357 2559 1402 2627 ab
1418 2554 1577 2646 ethnica,
1602 2591 1641 2636 ac
1656 2571 1841 2664 praecipue
1855 2599 1928 2648 esse
1943 2579 2015 2650 duo
2030 2583 2256 2682 discrimina,

222 2681 289 2728 nos
304 2658 376 2726 fere
393 2650 537 2741 viginti,
563 2651 676 2720 donee
692 2675 733 2720 ex
746 2647 811 2719 hac
827 2645 970 2721 mortali
985 2651 1055 2719 vila
1071 2649 1114 2722 ad
1131 2673 1210 2720 coe·
1260 2657 1409 2728 alterum
1429 2663 1473 2732 de
1488 2668 1635 2738 essentia
1652 2667 1730 2754 Dei,
1755 2675 1904 2747 altertsm
1922 2681 1965 2749 de
1981 2683 2175 2770 voluntate,
2202 2714 2253 2761 ac

222 2761 318 2830 lestis
358 2752 536 2825 Ecclesiae
568 2752 781 2822 societatem.
801 2767 945 2830 vocatus
978 2765 1041 2824 est.
1111 2751 1211 2822 Vixit
1259 2759 1305 2828 de
1325 2773 1476 2858 utroque
1500 2769 1703 2846 discrimine
1720 2791 1838 2853 mente
1855 2780 2040 2854 intuendas
2053 2805 2122 2854 esse
2137 2801 2245 2878 pate-

221 2875 336 2932 castus
369 2857 408 2925 in
441 2854 513 2923 vita
545 2853 657 2921 celibe
689 2855 764 2924 sine
796 2855 869 2935 ulla
900 2853 1227 2924 contaminatione.-
1257 2860 1426 2934 factiones
1440 2867 1580 2942 divinas
1597 2871 1635 2940 in
1652 2874 1826 2966 baptismo
1841 2881 1907 2950 filii
1922 2897 1956 2955 et
1971 2885 2074 2972 alias,
2097 2911 2135 2957 ac
2153 2911 2247 2980 pro-

219 2961 433 3034 Cubiculum
451 2957 525 3024 eius
539 2967 612 3023 erat
630 2957 816 3047 templum,
841 2953 1031 3024 Academia
1051 2956 1208 3028 etruria.
1258 2963 1444 3043 missiones
1461 2970 1632 3042 divinitus
1648 2978 1805 3054 traditas.
1856 2979 1958 3056 Hane
1973 2987 2086 3079 ipsam
2101 2990 2147 3060 ob
2161 3015 2253 3064 cau-

217 3063 309 3135 Nam
332 3061 385 3131 ibi
411 3055 496 3128 haec
519 3048 650 3126 fiebant
675 3057 851 3150 quotidie,
882 3057 1059 3146 precatio,
1092 3058 1207 3145 lectio,
1257 3087 1342 3135 sam.
1358 3070 1530 3158 prodiisse
1554 3071 1668 3144 Deum
1698 3103 1739 3148 ex
1768 3105 1895 3154 areana
1925 3089 2026 3172 sede,
2062 3105 2102 3162 ut
2130 3092 2170 3162 in
2190 3091 2252 3168 bis

218 3164 363 3256 scriptio
393 3173 427 3230 et
457 3158 730 3229 deliberationes
752 3161 796 3233 de
820 3159 1086 3248 gubernatione.
1141 3154 1206 3242 Ac,
1251 3169 1548 3256 patefactionibus
1564 3193 1791 3266 agnoscatur,
1818 3199 1851 3256 et
1868 3193 2160 3264 acommenticiis
2177 3222 2252 3270 uu-

216 3281 258 3338 ut
273 3264 423 3348 Esdras,
456 3275 606 3354 utraque
630 3261 669 3328 in
693 3285 730 3330 re
756 3260 886 3352 patriae
909 3261 1043 3352 profuit
1051 3285 1059 3346 ;
1087 3256 1206 3342 docuit
1256 3268 1412 3340 minibus
1429 3277 1553 3364 procul
1569 3280 1784 3371 seiungatur.
1825 3283 1878 3357 Ac
1894 3289 1931 3358 in
1948 3295 2165 3382 cogitatione
2181 3295 2249 3370 Es.

217 3382 251 3440 et
266 3363 489 3438 confirmavit
502 3363 632 3432 multos
645 3363 876 3437 concionibus
892 3376 925 3432 et
939 3361 1043 3430 editis
1057 3361 1206 3451 scriptis,
1254 3371 1385 3442 sentiae
1400 3368 1495 3446 hunc
1509 3375 1636 3464 Deum,
1662 3385 1725 3474 qui
1740 3399 1838 3476 pater
1853 3405 1905 3461 est
1915 3403 2080 3467 aeternus
2094 3396 2244 3472 Domini

217 3483 253 3540 et
273 3467 364 3538 rexit
387 3463 534 3534 consilia
554 3463 831 3554 gubernationis.
883 3459 1068 3532 Neminem
1093 3458 1205 3532 sciens
1256 3475 1367 3547 nostri
1384 3472 1462 3548 lesu
1480 3473 1631 3562 Christi,
1663 3498 1698 3554 et
1720 3511 1798 3565 cum
1822 3490 1896 3580 lilio
1920 3496 1957 3564 et'
1976 3498 2106 3588 spiritu
2124 3517 2247 3578 sancto

216 3591 374 3662 unquam
391 3564 511 3648 imile
533 3561 707 3632 bssssflfefil
721 3563 887 3654 PflV³llffl
905 3576 940 3644 ‘l
955 3563 1095 3654 publice
1111 3565 1205 3632 ‘⁰¹¹¹’
1255 3575 1377 3649 omnia
1397 3580 1576 3666 condidit,
1606 3597 1642 3653 et
1657 3589 1925 3678 promissionem
1943 3598 2249 3676 reconciliationis

215 3671 280 3753 tis,
314 3661 383 3741 fuit
404 3688 525 3736 suasor
548 3664 642 3756 pacis
664 3661 977 3756 inter·Principes·,
1009 3666 1203 3738 multorum
1253 3677 1415 3762 tradidit,
1455 3704 1602 3778 eaqu9
1629 3691 1862 3776 sanguinem
1890 3702 2150 3774 murt-mione
2180 3707 2248 3778 filii

132 3769 136 3778 ,
217 3771 361 3842 diremit
375 3765 640 3849 controversias,
665 3761 852 3836 abhorruit
867 3767 911 3836 ab
929 3766 1093 3848 omnibus
1111 3768 1204 3836 sedi-
1253 3775 1463 3866 obsignavit,
1489 3787 1775 3879 compellandum
1791 3817 1875 3879 esse,
1900 3799 2249 3901 sicutlnquieChri-

215 3873 332 3952 tiosis,
358 3869 593 3958 turbulentis,
618 3863 834 3938 Alcibiadeis
856 3869 1033 3948 consiliis,
1060 3871 1104 3950 ab
1127 3882 1202 3937 am·
1253 3891 1342 3947 stus:
1369 3882 1429 3974 qni
1455 3909 1509 3952 me
1530 3887 1645 3974 videt,
1671 3892 1768 3964 videt
1789 3911 1935 3986 patrem.
1987 3897 2041 3974 De
2058 3907 2248 3982 voluntale

212 3975 351 4047 bitione
368 3971 602 4042 alienissimus
615 3970 694 4040 fuit.
733 3969 925 4063 Nunquam
942 3971 993 4040 ira
1007 3971 1063 4039 vel
1079 3969 1200 4040 odium
1245 3980 1356 4049 etiam
1382 3985 1528 4072 cogitari
1549 4004 1711 4079 oportere
1730 3993 1963 4085 Mediatorem
1982 4017 2016 4074 et
2032 4011 2248 4096 promissio.

213 4077 271 4149 vel
300 4073 478 4144 vindictae
507 4072 680 4163 cupiditas
710 4096 789 4141 eum
823 4072 983 4162 impulit,
1016 4085 1203 4152 utcontra
1252 4105 1324 4154 nes.
1375 4081 1469 4172 Huic
1487 4113 1589 4159 verae
1608 4093 1825 4166 invocationi
1842 4101 2078 4184 dissimillima
2093 4125 2145 4180 est
2162 4110 2246 4186 etlt·

212 4178 388 4264 iusticiam
416 4175 543 4246 faceret
569 4187 631 4244 aut
658 4174 1200 4266 tranquillitatemeommnnem
1252 4184 1328 4252 nica
1360 4179 1423 4256 se‘u
1442 4187 1610 4274 Turcica,
1646 4219 1734 4288 quae
1766 4199 1992 4296 negatbunc
2015 4235 2098 4280 vere
2120 4209 2245 4288 Deum

213 4283 382 4352 turbaret.
435 4273 589 4345 iniurias
612 4275 742 4352 multas
764 4289 798 4344 et
814 4297 958 4364 magnas
971 4277 1106 4352 excelso
1122 4277 1200 4345 ani·
1251 4287 1470 4358 conditorem
1494 4316 1722 4383 rernmesse,
1750 4302 1812 4392 qui
1829 4314 1880 4374 est
1893 4320 1993 4397 pater
2006 4306 2155 4384 Domini
2171 4334 2245 4390 no.

212 4409 271 4452 mo
304 4378 520 4450 condonavit
553 4375 803 4470 tranquillitati
842 4378 1023 4470 publicae,
1060 4378 1199 4448 dolo'res
1250 4387 1312 4456 stri
1339 4385 1416 4457 Iesu
1436 4386 1591 4480 Christi,
1624 4417 1658 4467 et
1678 4399 1818 4488 ignorat
1837 4401 2070 4481 Mediatorem
2094 4428 2129 4484 et
2153 4442 2245 4509 pro-

212 4483 318 4554 etiam
335 4483 423 4554 alios
439 4503 478 4550 ea
495 4478 606 4548 animi
620 4479 861 4548 moderatione
877 4478 971 4562 tulit,
991 4492 1030 4548 ut
1043 4481 1125 4549 satis
1141 4480 1195 4554 in·
1290 4489 1452 4572 'ssiones,
1493 4498 1553 4569 sed
1582 4499 1734 4584 dubitat,
1774 4528 1820 4573 an
1844 4519 1878 4576 et
1897 4533 1961 4580 cur
1983 4537 2050 4582 nos
2070 4503 2245 4610 indignos

211 4585 323 4676 telligi
343 4595 476 4676 posset,
510 4603 589 4650 eum
617 4579 804 4650 sustentari
829 4579 1054 4656 invocatione
1074 4577 1140 4649 Dei
1166 4595 1199 4650 et
1249 4513 1344 4660 &us
1366 4595 1544 4668 exaudiat.
1590 4597 1750 4673 Taxabat
1769 4619 1803 4674 et
1823 4607 2020 4682 ddctrinam
2034 4613 2243 4695 Monachu-

210 4686 429 4780 acquiescere
443 4685 481 4752 in
497 4679 586 4756 Deo.
637 4677 765 4760 Norat,
789 4693 829 4750 ut
843 4681 897 4749 vir
910 4681 1045 4772 doctus,
1073 4683 1198 4753 discri-
1248 4715 1346 4774 rvrm,
1378 4719 1467 4794 quae
1487 4684 1588 4768 iubet
1609 4702 1745 4774 adferre
1768 4707 2025 4784 dubitationem
2043 4719 2087 4786 ad
2104 4717 2239 4813 Deum,

211 4787 308 4858 mina
324 4786 605 4856 consolationum
620 4776 854 4852 humanarum
874 4795 907 4854 et
923 4781 1138 4868 divinarum,
1164 4798 1196 4852 et
1248 4791 1525 4878 sicutadfcrunt
1547 4793 1707 4890 ethnici,
1741 4803 1882 4882 iubebat
1905 4837 2006 4906 saepe
2030 4820 2180 4896 recitare
2206 4845 2239 4900 et

211 4911 312 4982 saepe
336 4884 422 4960 haec
444 4888 538 4958 dicta
559 4885 753 4975 repetebat:
791 4885 952 4954 subditus
975 4899 1047 4955 esto
1064 4883 1139 4954 Deo
1163 4901 1194 4954 et
1246 4918 1382 4986 semper
1398 4896 1434 4967 io
1450 4897 1673 4991 invocatione
1688 4908 1839 4998 cogitare
1855 4917 2126 5008 promissiones,
2154 4931 2239 5021 quia

210 5015 272 5062 ora
295 5014 388 5068 eum,
438 4985 554 5080 Prope
576 4999 626 5056 est
640 4981 816 5056 Dominus
836 4981 909 5066 his,
944 4987 1006 5080 qui
1027 4987 1194 5062 tribulato
1246 5019 1364 5064 earum
1382 4999 1592 5088 cogitatione
1608 5004 1931 5096 fidesaccendenda
1944 5019 2008 5104 sit,
2035 5035 2067 5090 et
2085 5025 2240 5100 damna.

210 5107 295 5164 sunt
312 5093 436 5176 corde,
468 5104 503 5160 et
525 5085 676 5158 humiles
699 5087 826 5177 spiritu
848 5087 1008 5174 salvabit.
1059 5086 1194 5174 Studia,
1245 5097 1304 5168 bat
1320 5091 1630 5174 Entbusiastarum
1657 5108 1812 5198 furores,
1843 5112 1905 5209 qui
1921 5120 2241 5204 abducunthomj.

208 5196 370 5276 dolores,
398 5189 636 5260 assiduitasin
654 5187 927 5276 gubernatione,
960 5189 1113 5280 precatio
1130 5191 1193 5261 ab·
1243 5220 1305 5266 nes
1326 5223 1346 5267 a
1369 5199 1581 5295 cogitatione
1603 5209 1751 5301 scriptae
1771 5219 2025 5305 promissionis.
2083 5225 2239 5310 Dicebat

205 5296 381 5368 ducebant
403 5317 483 5364 eum
508 5293 553 5365 ab
575 5291 740 5370 omnibus
762 5291 1000 5383 voluptatibus¹
1023 5291 1192 5383 corporis.
1248 5355 1463 5374 ..Μ-,Μ-
1793 5306 1799 5316 ·

202 5395 257 5468 Ac
280 5411 359 5490 post
381 5393 658 5476 consolationes,
698 5415 783 5485 quas
805 5393 838 5463 ei
862 5393 1024 5486 cogitatio
1051 5393 1191 5475 divina·
1279 5427 1737 5496 3)1)„1„„p„1„·03„,„g„,‚
