4808 6176
221 319 296 394 151

226 492 382 566 ostendit
415 514 453 561 se
483 489 657 564 victorem
690 511 765 563 esse
796 491 922 562 mortis
951 503 987 564 et
1012 489 1222 561 inleromm.

228 596 336 668 Anno
355 588 467 668 1555.

739 691 932 790 Philippus
947 687 1173 768 Melanthon.

1061 1079 1118 1143 30.
1136 1069 1226 1138 Mart.

1048 1162 1220 1192 Μ

244 1071 312 1148 No.
329 1069 447 1148 5759.

238 1171 451 1208 ΝΜ

497 1267 648 1359 Indole.
677 1265 957 1358 Caneerario.

303 1434 393 1509 Epist.
407 1433 450 1492 ad.
463 1433 571 1492 Cama.
589 1455 617 1509 p.
626 1433 688 1490 689.
703 1432 761 1504 (ed.
774 1429 861 1486 Laud
878 1429 925 1487 lib.
935 1427 984 1486 1v.
1003 1448 1046 1504 ep.
1058 1427 1142 1498 880).

236 1600 461 1682 Clarissimo
488 1608 565 1680 viro
592 1600 796 1677 eruditione
818 1602 1003 1690 etvirtute
1021 1603 1233 1702 praestanti

372 1704 533 1784 louet.
567 1702 709 1790 Com„
734 1705 864 1810 fratri
885 1731 954 1778 suo
982 1709 1110 1780 carisa.

237 1845 287 1932 S·
313 1859 358 1932 D.
410 1858 506 1935 Ante
521 1863 682 1933 triduum
699 1861 749 1932 sic
767 1857 1066 1944 intumuitAlbis‚
1082 1876 1122 1934 ut
1139 1861 1231 1933 effu?

237 1987 297 2032 sus
320 1965 366 2034 sit
387 1964 426 2033 in
446 1967 561 2060 ripam
586 1965 762 2058 usquead
790 1957 1025 2058 Ephratom,
1062 1989 1126 2034 nec
1151 1966 1229 2034 sine

238 2067 397 2156 periculo
419 2089 544 2138 currus
568 2091 632 2159 per
655 2091 763 2162 aquas
788 2060 880 2136 trahi
895 2079 1074 2158 poterant:
1097 2065 1229 2138 Censui

238 2167 347 2254 igitur
368 2169 454 2238 inde
474 2193 556 2240 mox
579 2168 809 2238 remittendos
833 2191 906 2239 esse
923 2170 967 2238 ad
982 2169 1140 2240 vicinum
1163 2194 1230 2261 op·

237 2268 374 2360 pidum.
415 2266 494 2341 Oro
512 2285 628 2342 autem
645 2271 759 2340 filium
773 2268 840 2340 Dei
855 2273 1035 2342 custodem
1051 2267 1229 2342 Ecclesiae

240 2394 340 2457 suae,
365 2386 400 2444 et
415 2387 455 2444 nt
474 2374 587 2442 filium
603 2365 824 2469 Philippum
849 2375 894 2442 ad
916 2397 980 2443 vos
1004 2375 1148 2444 reducat
1171 2373 1230 2442 in-

240 2475 432 2560 columem,
458 2489 492 2548 et
515 2488 653 2548 nostras
672 2471 847 2546 Ecclesias
872 2476 1081 2546 domesticas
1105 2487 1138 2546 et
1160 2499 1228 2570 pu-

238 2576 349 2648 blicas
366 2591 493 2652 servet.

343 2692 386 2764 ln
412 2697 544 2789 oppido
570 2709 693 2768 nostro
728 2719 746 2766 e
770 2694 912 2787 regione
944 2696 1086 2766 aedium
1110 2691 1229 2768 Sebo-

242 2795 411 2866 hostiani
429 2797 594 2890 Collegae
625 2799 757 2884 nostri,
795 2800 935 2872 officina
958 2797 1068 2869 Fabri
1101 2801 1229 2870 aerarii

241 2901 384 2970 incensa
403 2902 471 2973 fuit
491 2919 572 2972 aute
587 2901 835 2995 quatriduum,
867 2925 933 2972 nec
953 2913 1071 2971 tamen
1095 2903 1229 2974 confla-

240 3003 355 3092 gravit
379 3017 453 3073 tota
474 3004 707 3088 domuncula,
732 3027 773 3073 ex
801 3029 869 3096 qua
893 3027 995 3094 saepe
1011 3003 1104 3089 vidi,
1131 3006 1228 3076 velut

242 3129 281 3172 ex
300 3101 416 3174 Aetna
439 3105 519 3176 eiici
543 3106 666 3196 globos
685 3106 842 3196 ignium,
866 3121 899 3176 et
913 3107 1033 3198 optavi
1049 3107 1228 3178 officinam

241 3205 311 3274 alio
331 3206 367 3275 in
386 3207 463 3278 loco
481 3231 565 3282 esse.
610 3199 815 3306 Casparem
831 3231 999 3300 generum
1014 3210 1128 3298 cogito
1145 3235 1230 3304 pro-

240 3321 320 3406 pter
347 3307 483 3380 litteras
506 3303 685 3380 Palatini
714 3324 878 3382 vocatum
905 3333 989 3382 esse.
1048 3309 1119 3382 Sed
1147 3337 1229 3382 mox

242 3411 308 3480 tibi
323 3411 529 3500 significabo
545 3426 665 3482 nostra
681 3413 821 3497 omnia,
847 3438 927 3483 cum
949 3414 1096 3482 domum
1112 3414 1229 3483 redie-

240 3537 295 3586 ro.
345 3511 443 3584 Haec
468 3514 563 3584 enim
585 3515 702 3584 scribo
726 3514 764 3583 in
789 3511 960 3606 Caupona
984 3508 1231 3613 Ephratea*),

240 3640 321 3688 com
350 3616 495 3708 quidem
529 3617 703 3706 aspiciens
731 3615 860 3686 fluctus
886 3612 1008 3700 Albis,
1041 3619 1154 3688 multa
1186 3620 1230 3688 de

240 3717 490 3789 communibus
515 3718 681 3810 periculis
707 3719 917 3808 cogitarem,
948 3742 1040 3810 quae
1061 3734 1101 3790 ut
1120 3720 1231 3792 leniat

239 3819 333 3889 lilius
349 3819 439 3905 Dei,
461 3833 538 3892 toto
553 3845 634 3890 eum
656 3833 796 3913 pectore
810 3845 886 3892 oro.
907 3813 912 3823 Χ
936 3817 1035 3890 Bene
1060 3835 1094 3891 et
1117 3822 1231 3894 felici-

239 3936 294 3996 ter
309 3923 405 4009 vale,
432 3920 497 3999 lll.
511 3919 659 3998 Calend.
673 3918 823 4016 Aprilis.

352 4057 360 4071 ·
890 4019 986 4102 Phil.
1001 4020 1178 4100 Melanth.

805 291 1513 394 ne1sronaaun'nrnxu.
1565 307 1698 394 ross.

2197 309 2273 386 tae

1273 487 1406 581 burga,
1429 487 1467 557 in
1490 513 1561 582 quo
1585 487 1705 560 Duces
1726 483 1900 558 Saxoniae
1917 511 2057 568 omnes,
2085 479 2274 556 Marcbio-

1274 615 1337 660 nes
1371 589 1752 681 Brandenburgenses‚
1791 601 1827 660 et
1856 587 2074 680 Landgravii
2109 585 2276 658 Hessiaci

1274 693 1445 764 beneficio
1460 693 1584 763 divino
1599 687 1876 763 haereditarium
1897 691 2023 763 foedus
2037 705 2276 776 renovarunt,

1276 792 1324 866 Et
1347 795 1567 866 existimatur
1586 791 1672 866 baec
1694 795 1899 865 coniunctio
1926 796 1972 864 ad
1993 817 2115 886 pacem
2142 787 2278 862 harum

1277 897 1480 986 Regionum
1504 899 1690 990 profutura
1717 921 1801 972 esse.
1852 894 1969 968 Simul
2003 897 2110 967 etiam
2150 919 2279 965 omnes

1278 1002 1528 1085 decreverunt,
1561 1023 1597 1068 se
1618 999 1695 1071 Deo
1718 999 1863 1070 iuvante
1885 1013 2085 1070 retenturos
2107 1019 2187 1069 esse
2208 999 2280 1068 do-

1279 1102 1430 1172 ctrinam
1447 1101 1677 1171 confessionis
1696 1097 1942 1193 Augusteum,
1967 1115 2000 1171 et
2015 1125 2091 1174 non
2106 1113 2280 1191 recepto-

1279 1227 1338 1275 ros
1353 1205 1570 1294 corruptelas
1582 1203 1789 1296 papisticus,
1806 1217 1866 1274 aut
1882 1202 1979 1277 alias.
2009 1200 2107 1273 Haec
2122 1202 2281 1274 consilia

1282 1306 1376 1378 Deus
1400 1307 1555 1381 adiuvet.
1606 1303 1692 1376 Tibi
1717 1331 1819 1398 spero
1839 1301 1932 1375 hanc
1954 1305 2202 1375 narrationem
2225 1306 2281 1375 iu-

1281 1411 1432 1478 cundam
1448 1410 1535 1482 fore.
1561 1402 1652 1494 Oro,
1669 1421 1710 1479 ut
1726 1409 1773 1478 sis
1789 1432 1926 1478 memor
1938 1403 2102 1477 ‘Ioannis
2119 1400 2282 1478 Reineri

1282 1507 1609 1601 Oldenburgensis,
1634 1509 1697 1605 qui
1714 1525 1829 1602 posset
1845 1533 1917 1580 esse
1932 1510 2015 1580 usui
2034 1511 2090 1580 vel
2109 1509 2150 1580 in
2166 1505 2273 1596 Aula,

1282 1614 1339 1683 vel
1360 1613 1399 1682 in
1423 1611 1520 1684 Urbe
1543 1613 1684 1706 aliqua,
1715 1612 1865 1708 Syndici
1887 1613 2018 1687 officio.
2070 1609 2142 1683 Vir
2164 1608 2273 1684 bone-

1281 1729 1357 1786 stos
1374 1729 1424 1786 est
1441 1729 1474 1786 et
1489 1717 1685 1802 modestus,
1709 1729 1743 1786 et
1761 1727 1905 1807 propter
1917 1713 2148 1806 prudentiam
2164 1731 2199 1787 et
2217 1741 2268 1785 eo-

1282 1818 1478 1907 gnitioncm
1506 1815 1599 1888 luris
1628 1818 1766 1888 utiliter
1797 1817 1836 1885 in
1870 1817 1933 1887 tali
1965 1841 2117 1888 munere
2140 1816 2263 1887 versari

1282 1932 1407 2012 potest.
1448 1918 1560 1989 Filios
1575 1934 1647 1991 tres
1666 1915 1772 1993 habet
1786 1931 1820 1990 et
1836 1943 1945 1989 unam
1964 1918 2089 1994 liliam.
2125 1917 2253 2008 Quaeso

1280 2035 1321 2092 ut
1343 2025 1387 2092 de
1410 2047 1451 2092 eo
1473 2022 1613 2111 cogites.
1674 2019 1771 2092 Bene
1793 2035 1833 2094 et
1856 2021 2007 2093 feliciter
2026 2021 2118 2100 vale.
2169 2019 2257 2094 eat.

1278 2121 1356 2200 Cal.
1372 2119 1460 2218 Apr.
1478 2117 1587 2200 1555.

2020 2281 2230 2382 Philippus·

1280 2724 1346 2796 No.
1360 2721 1474 2799 5761.

1286 2838 1457 2870 *Ν

2133 2739 2168 2800 1.
2185 2729 2261 2816 Ape.

2098 2839 2272 2872 Μ

1502 2959 1747 3047 Testimon.
1777 2963 1835 3050 de
1869 2951 2046 3046 Ursino.

1347 3144 1368 3206 †
1383 3137 1424 3192 Ex
1437 3155 1531 3212 apogr.
1541 3137 1571 3192 in
1584 3135 1646 3196 cod.
1658 3133 1746 3191 Paris.
1763 3131 1800 3190 D.
1815 3134 1845 3190 1..
1859 3133 1919 3190 511.

1280 3309 1459 3382 Decorus
1496 3299 1662 3402 Collegii
1694 3300 1957 3406 Philosopdici
1994 3305 2035 3378 in
2070 3305 2261 3382 Academia

1288 3402 2254 3510 Wtebergensi‚CasparGuilltelmus*)sola-

1391 3525 1459 3588 tem
1478 3511 1566 3586 dicit
1584 3513 1754 3586 omnibus
1768 3508 1915 3584 lecturis
1928 3505 2002 3584 has
2017 3509 2167 3586 literas.

1283 3653 1366 3736 Etsi
1391 3667 1429 3735 in
1455 3689 1581 3755 genere
1606 3658 1764 3734 humano
1785 3683 1932 3752 maguae
1957 3677 1991 3734 et
2011 3664 2134 3734 tristes
2150 3665 2271 3736 conio-

1282 3768 1400 3838 siones
1417 3781 1518 3852 suot,
1542 3781 1659 3836 tamen
1677 3764 1910 3835 certissimum
1928 3778 1999 3850 cst,
2022 3763 2144 3837 Deum
2160 3784 2274 3838 aeter-

1281 3894 1368 3940 num
1395 3884 1529 3960 patrem
1551 3867 1690 3938 domini
1714 3865 1827 3936 nostri
1850 3867 1927 3938 lesu
1947 3861 2107 3952 Christi,
2135 3884 2278 3942 creato-

1281 3998 1355 4042 rem
1381 3973 1543 4042 omnium
1566 3994 1685 4042 rerum
1709 3969 1874 4058 colligere
1895 3969 1964 4040 sibi
1995 3993 2036 4040 ex
2058 3963 2278 4043 hominibus

1280 4072 1494 4160 Ecclesiam,
1519 4074 1577 4142 cui
1597 4073 1636 4142 in
1654 4084 1725 4141 tota
1745 4071 1951 4142 aeternitate
1965 4093 2002 4142 se
2018 4075 2279 4150 communicet.

1086 4250 1229 4264 .......
1280 4177 1353 4250 Nec
1369 4201 1449 4247 casu
1465 4201 1505 4245 ex
1522 4171 1718 4245 Democriti
1735 4173 1861 4244 atomis
1883 4173 1957 4242 nati
1981 4196 2104 4244 sumus
2128 4189 2279 4248 tantum

1064 4410 1122 4472 ³1.
1138 4396 1227 4468 Mart.

1056 4493 1226 4523 Μ

234 4395 432 4526 Q&

502 4599 567 4690 Α.
597 4599 958 4720 Hardeaderpio.

302 4762 618 4838 epanauaaosog.
632 4763 731 4836 eaeo.

397 4919 453 5000 D.
478 4919 674 4996 Alberto
697 4913 1049 5016 Hordebergio.

228 5056 275 5144 S.
300 5067 345 5141 D.
396 5069 609 5143 Reverendo
624 5072 729 5142 viret
742 5068 921 5140 carissime
936 5069 1057 5138 irater.
1090 5065 1217 5139 Mense
1242 5133 1245 5161 ,

226 5172 360 5256 Martio
371 5167 431 5271 **)
449 5175 518 5245 luit
534 5188 730 5246 conventus
750 5173 789 5241 in
811 5173 901 5243 urbe
923 5173 967 5242 ad
985 5169 1105 5243 Salam
1120 5169 1215 5242 Nao-

255 5436 283 5501 0)
304 5432 382 5488 Prata
395 5452 482 5508 prope
495 5429 612 5488 Witeb.

252 5517 300 5592 *1)
319 5515 394 5576 D.8.
410 5521 492 5581 Mart.
507 5517 588 5575 1555.

1280 4283 1323 4352 ad
1346 4276 1455 4350 huius
1474 4279 1566 4350 vitae
1587 4299 1785 4349 aerumnas.
1847 4271 2037 4366 Colligitur
2057 4291 2182 4349 autem
2207 4277 2282 4350 Ec-

1279 4383 1382 4454 clesia
1400 4393 1541 4452 aeterna
1557 4375 1743 4466 Evangelii
1759 4399 1860 4462 voce,
1875 4391 1909 4448 et
1925 4401 1999 4447 non
2013 4377 2133 4469 aliter,
2160 4407 2280 4476 quam

1280 4486 1371 4554 lilius
1388 4481 1475 4564 Dei,
1499 4481 1558 4574 qui
1576 4495 1628 4550 est
1641 4474 1749 4578 λόγος
1764 4477 1898 4548 aeterni
1920 4477 2048 4571 patris,
2074 4505 2114 4549 ex
2135 4506 2280 4554 arcano

1278 4587 1427 4658 consilio
1444 4583 1641 4654 divinitatis
1653 4581 1819 4674 protulit,
1833 4595 1867 4651 et
1883 4583 1970 4651 adeo
1987 4581 2109 4651 salutis
2122 4599 2280 4656 nostrae

1276 4713 1397 4758 aornos
1413 4701 1482 4770 est,
1508 4700 1547 4756 ut
1562 4686 1674 4770 dicat,
1699 4707 1736 4753 se
1750 4683 1874 4753 ludere
1890 4683 1928 4752 in
1945 4667 2034 4754 orbe’
2047 4696 2081 4753 et
2094 4683 2278 4758 delectari

1275 4788 1532 4879 consuetudine
1555 4781 1760 4870 bominum,
1785 4785 1875 4856 sicut
1897 4785 1935 4854 in
1956 4783 2149 4856 Salomone
2180 4792 2276 4860 scri.

1273 4905 1371 4984 ptum
1391 4905 1453 4965 est.
1490 4887 1600 4960 Ludit
1616 4903 1734 4958 autem
1749 4886 1923 4956 mirandis
1936 4885 2166 4980 spectaculis,
2194 4915 2276 4962 ser.

1273 5007 1330 5064 vat
1343 4991 1538 5065 Ecclesiam
1556 4993 1595 5060 in
1610 4988 1766 5076 diluvio,
1792 4989 1830 5058 in
1846 4988 1937 5058 mari
1953 4989 2083 5070 rubro,
2110 5001 2147 5061 et
2169 4991 2274 5066 inter

1270 5097 1409 5167 assidua
1440 5093 1630 5166 certamina
1658 5107 1693 5165 et
1718 5115 1803 5164 voce
1824 5087 2013 5182 Evangelii
2042 5104 2096 5163 est
2130 5095 2276 5184 efficax,

1269 5265 1490 5280 *ο*

1300 5367 1467 5451 1’)Μεςς1ιι1
1490 5363 1579 5422 adseri
1611 5387 1657 5450 pm
1680 5375 1737 5422 est:
1769 5363 1820 5446 Pb.
1840 5357 1944 5426 odric.
1978 5363 2137 5420 &votvm
2157 5369 2272 5451 scripta

1331 5437 1442 5562 publica
1458 5437 1545 5492 Acad.
1614 5435 1676 5522 rteb.
1689 5436 1723 5496 T.
1736 5433 1772 5491 ll.
1788 5435 1898 5520 (ἔρεξαν
1913 5431 2093 5532 tiadhelmus
2106 5433 2266 5510 notam,

1345 5519 1388 5564 uit
1398 5506 1527 5564 Desanns
1538 5504 1646 5577 collega
1659 5503 1841 5624 philosophici
1852 5519 1882 5621 sp
1895 5501 1994 5580 lueres
2007 5503 2088 5560 1555.
