4782 6182
215 247 309 382 sss
768 265 1208 358 nersrocsnuu
1259 257 1479 342 cinna
1531 253 1666 340 asso.
2176 252 2256 330 no

224 469 406 566 gentium,
430 460 661 538 saracenicae
677 469 714 528 et
733 453 917 526 ancicae.
968 448 1041 522 Nec
1057 447 1214 540 proiecto
1263 429 1401 508 Flucs‘o
1414 457 1531 528 nuper
1544 431 1737 524 flagitanti,
1761 443 1802 504 ut
1823 429 2046 504 conditiones
2070 425 2170 520 pacis
2194 451 2256 548 ap-

231 573 302 646 alia
333 571 407 642 ulla
439 565 636 658 longinqua
673 559 800 630 militia
837 551 1020 626 honestior
1055 571 1214 642 unquam
1265 541 1427 632 ciperem.
1481 534 1560 628 lpse
1585 549 1708 608 contra
1730 533 1826 604 misit
1846 527 1961 634 λόγον
1977 534 2256 625 οτηλιτουιικον

233 663 319 750 tuic'
365 669 462 742 luca
487 663 710 760 expeditione
728 659 815 751 legi,
840 655 1036 728 Dominum
1055 643 1097 722 de
1112 643 1216 722 Far·
1266 643 1475 712 atrociorem
1490 661 1597 732 qnam
1614 651 1716 708 autea
1739 637 1943 728 scripserat,
1967 633 2031 728 qui
2052 655 2154 704 nnnc
2177 632 2255 704 edi·

233 772 322 872 gala
343 774 453 846 luisse
475 764 701 862 Imperatoris
725 753 914 834 Friders'cs'
938 756 1051 827 Primi
1073 754 1213 844 signiie·
1268 759 1337 816 tur.
1386 737 1436 811 Et
1457 765 1497 810 ex
1523 755 1585 809 tuo
1610 739 1743 810 nuncio
1763 737 1941 823 intellexi,
1963 760 2045 806 cnm
2060 757 2255 828 properare

236 901 330 952 rum.
382 873 503 963 Quare
520 879 797 942 consentancum
813 875 881 946 est,
900 859 1127 931 excellentem
1144 855 1219 924 eius
1268 849 1312 916 ad
1335 839 1602 934 Parthenopen,
1635 865 1747 936 eoque
1766 865 1841 910 non
1867 839 2083 910 concedebat
2105 861 2257 928 respon-

237 981 404 1050 virtutem
422 975 539 1045 foisse.
589 967 742 1040 Memini
759 981 877 1036 autem
891 985 995 1032 avum
1012 975 1167 1029 vestrum
1187 967 1221 1024 et
1269 947 1377 1018 dcndi
1393 959 1550 1036 tempus,
1577 946 1683 1013 credo
1696 957 1738 1014 ut
1756 937 1823 1013 hae
1841 941 2009 1034 epistolae
2027 937 2110 1056 aliis
2123 941 2258 1010 adinn-

225 1082 333 1175 .ipsc,
356 1076 576 1172 quiquidem
596 1095 714 1142 mcum
729 1083 864 1161 patrem
879 1063 1050 1154 singulari
1066 1064 1221 1131 benevo-
1269 1061 1414 1140 gantur,
1439 1045 1594 1140 quesibi
1616 1046 1700 1120 edit.
1752 1043 1873 1134 Quare
1895 1058 1980 1162 tnnc
1999 1039 2180 1136 prolnrius
2201 1066 2260 1112 η-

239 1182 350 1254 lautia
370 1177 574 1270 complexus
594 1175 672 1244 init.
729 1171 801 1242 Nec
827 1167 974 1249 dubito,
1005 1187 1069 1234 vos
1089 1161 1222 1232 multo-
1270 1151 1472 1245 spondebo,
1496 1171 1576 1265 eum
1591 1147 1671 1216 illas
1685 1147 1860 1218 editiones
1877 1147 2012 1222 videro.

240 1308 321 1356 curn
338 1283 433 1354 inter
448 1280 599 1348 maiores
615 1289 749 1346 vestros
765 1267 912 1340 honesta
930 1271 1020 1338 facta
1036 1264 1221 1336 audivisse.
1373 1250 1435 1320 Me
1466 1248 1654 1320 miserum!
1712 1247 1813 1338 Quid
1846 1271 1949 1319 causa
1981 1261 2053 1335 est,
2085 1271 2155 1320 cur
2188 1262 2264 1319 tam

241 1384 291 1460 Ut
305 1397 421 1456 autem
443 1381 488 1450 ab
509 1379 614 1473 ipsis,
646 1401 726 1447 cum
748 1387 875 1444 natrsra
898 1371 1069 1440 virtutum
1089 1366 1221 1436 semina
1271 1367 1384 1424 astute
1404 1367 1440 1424 et
1461 1365 1533 1422 tam
1561 1351 1754 1420 crudeliter
1775 1350 1989 1444 oppugnes?
2047 1349 2209 1436 Scribis,
2242 1377 2263 1422 a

241 1484 442 1576 accepistis,
461 1481 511 1552 ita
535 1494 570 1552 et
589 1479 748 1568 exempla
771 1497 833 1545 vos
854 1470 1061 1550 hortentur,
1086 1483 1126 1539 ut
1147 1467 1221 1537 Deo
1272 1479 1328 1524 me
1339 1467 1541 1546 corruptam
1556 1475 1629 1572 esse
1644 1453 1842 1523 doctrinam
1857 1455 1902 1522 de
1915 1452 2158 1544 poenitentia;
2183 1455 2261 1537 ubi,

243 1603 279 1660 et
310 1585 479 1680 Reipub'
497 1595 590 1654 recte
623 1581 755 1652 servire
780 1574 961 1648 studeatis.
1013 1569 1092 1642 Oro
1118 1569 1222 1642 etiam
1272 1558 1311 1626 in
1333 1581 1404 1651 qno
1426 1579 1505 1625 tneo
1528 1554 1683 1646 scripto?
1732 1551 1815 1626 Non
1838 1555 1947 1646 genui
1972 1577 2067 1626 nova
2089 1557 2257 1644 dogmata

242 1691 378 1772 Deum,
427 1699 611 1758 aeternnm
644 1681 783 1753 Patrem
820 1675 967 1748 Domini
999 1673 1112 1744 nostri
1144 1669 1224 1741 lesu
1273 1661 1333 1728 sed
1366 1679 1592 1754 communem
1624 1657 1835 1728 sententiam
1864 1651 1991 1728 harum
2013 1653 2256 1742 Ecclesiamm

243 1787 398 1876 Christi,
427 1789 490 1883 qui
513 1787 643 1878 gradus
667 1779 853 1852 bominum
877 1779 958 1848 ideo
979 1775 1159 1858 distinxit,
1185 1786 1225 1842 ut
1272 1775 1453 1854 utcunque
1482 1759 1626 1850 collegi,
1656 1783 1737 1829 curn
1759 1761 1885 1829 docere
1911 1757 2029 1826 iussos
2058 1781 2184 1845 mum,
2216 1775 2254 1828 et

244 1891 422 1966 Nobilitas
442 1891 489 1960 sit
509 1891 648 1979 legum,
681 1883 889 1976 disciplinae
914 1894 949 1950 ct
975 1880 1071 1971 pacis
1095 1889 1225 1957 custos,
1274 1886 1353 1932 curn
1383 1885 1508 1952 magna
1537 1859 2071 1980 confusioespet'opinionum
2098 1861 2248 1930 distinxi

244 2009 287 2068 nt
302 2017 365 2066 vos
379 2003 496 2062 servet
517 2007 552 2062 ct
567 1992 749 2078 gubernet.
800 1981 854 2054 De
871 1982 956 2051 vino
972 1982 1080 2050 misso
1095 1978 1225 2068 gratias
1274 1965 1464 2058 quaedam,
1486 1975 1526 2032 ut
1540 1985 1748 2032 oeconomsa
1765 1965 1969 2032 suntorsbus
1990 1965 2181 2060 prodesset,
2205 1985 2249 2032 ae

243 2097 348 2168 vobis
361 2115 445 2182 ago,
471 2104 506 2161 et
523 2089 639 2162 Deum
655 2113 737 2172 oro,
751 2099 793 2156 ut
807 2085 928 2168 iaciat,
947 2097 989 2154 nt
1005 2078 1064 2152 bic
1079 2081 1226 2150 veniens
1274 2089 1412 2156 semper
1432 2065 1590 2146 ostendi>
1616 2087 1673 2134 me
1693 2063 1826 2134 iudicio
1851 2064 1994 2156 pionem
2019 2077 2053 2134 et
2069 2065 2257 2133 doctorum

244 2221 361 2268 annos
382 2195 428 2266 sit
449 2193 550 2264 vobis
569 2207 604 2264 et
627 2188 683 2261 bis
707 2189 911 2280 regionibus
926 2188 1061 2256 faustus
1079 2196 1114 2252 et
1130 2183 1225 2262 felix,
1274 2169 1312 2236 lu
1332 2163 1498 2237 Ecclesils
1520 2166 1652 2235 nostris
1673 2167 1998 2258 obtemperaturum
2022 2188 2107 2236 esse.
2157 2164 2260 2238 idem

243 2311 286 2372 nt
306 2299 352 2370 sit
372 2297 569 2368 foecundus
588 2309 623 2367 et
639 2291 863 2387 tranquillus.
914 2285 1026 2359 llatae
1052 2283 1129 2359 Cal.
1153 2281 1226 2356 De·
1276 2292 1533 2362 huncquoque
1556 2268 1717 2342 adfirmo.
1776 2266 1912 2339 Scribis
1935 2267 1973 2336 in
2001 2268 2169 2358 apologia
2201 2283 2262 2338 tna

243 2402 356 2476 amb,
382 2394 492 2474 1666,
1263 2371 1416 2462 „publica
1432 2393 1498 2438 nos
1514 2393 1589 2438 non
1605 2369 1758 2440 retinere
1772 2369 1904 2440 librum
1919 2371 1963 2439 de
1977 2393 2080 2440 servo
2097 2371 2263 2444 arbitrio.

747 2521 938 2618 m...
951 2511 1176 2594 umet

1210 2762 1221 2768 -
1278 2674 1406 2744 veteris
1427 2597 1607 2744 licclcsiae
1627 2675 1802 2745 sententia
1824 2689 1887 2749 est.
1934 2598 2078 2746 ’lt‘elnde
2092 2676 2163 2746 etsi
2189 2679 2257 2768 plu-

1277 2777 1384 2846 rimas
1398 2776 1554 2845 actiones
1567 2776 1708 2846 divinas
1728 2776 1910 2846 mirandas
1933 2775 1972 2846 in
1993 2778 2169 2848 omnihus
2186 2801 2263 2855 san-

234 2919 303 2995 ΝΟ,
322 2917 436 2995 61η
1053 2907 1057 2918 ·
1104 2906 1226 2982 w„
1278 2879 1343 2948 ctis
1362 2901 1436 2948 esse
1458 2877 1552 2962 scio,
1576 2879 1614 2946 in
1635 2877 1766 2971 quibus
1787 2872 1944 2948 humana
1965 2879 2134 2950 voluntas
2159 2881 2263 2950 eham

236 3017 441 3098 7⁶⁸⁶·-
1125 3001 1226 3032 *w
1278 2981 1315 3048 in
1339 2979 1468 3048 sanctis
1491 2992 1628 3050 tantum
1651 3001 1687 3048 se
1710 2974 1817 3050 habet
1838 2993 1878 3050 nt
1894 2981 2117 3066 subiectum,
2142 2993 2262 3052 nmen

609 3113 665 3203 Ν,
696 3111 842 3200 Gallo·
1278 3105 1343 3152 nos
1360 3083 1397 3150 in
1414 3083 1574 3151 docendo
1590 3095 1624 3150 et
1642 3081 1680 3149 in
1697 3081 1831 3173 privata
1849 3081 1954 3166 lucta,
1971 3082 2009 3151 in
2025 3085 2262 3153 conversione
2362 3068 2363 3124 l

1277 3197 1310 3254 et
1325 3197 1443 3276 postea
1460 3183 1615 3269 regulam
1640 3183 1771 3252 intueri
1792 3197 1949 3276 oportet,
1976 3179 2160 3254 hominem
2191 3209 2263 3254 non

303 3266 1226 3422 's,ffifltl’ffi‘ffilffiffigffffpJ2⁸2³}ssJidfffflffl
1276 3307 1350 3355 esse
1374 3299 1555 3369 truncum,
1580 3292 1654 3354 non
1676 3285 1805 3355 debere
1829 3285 2013 3377 indulgere
2029 3286 2265 3371 diffidentiae,

332 3423 446 3480 altos.
464 3420 540 3476 1⁵⁵6.
559 3441 596 3456 -·
631 3415 710 3540 2ου
727 3407 1225 3480 Gallussdbanccpistolsmrescri-
1276 3401 1338 3458 atti
1354 3387 1491 3456 deliciis
1508 3399 1630 3456 conlt'a
1646 3387 1917 3474 constlenllem,
1943 3389 2003 3458 ted
2025 3411 2167 3481 Semper
2193 3389 2266 3458 lul-

335 3493 440 3568 puris,
458 3490 531 3562 isses
546 3483 618 3541 intr·
677 3483 721 3536 ²⁰·
734 3479 822 3535 θεώ·
836 3478 862 3535 l·
874 3496 901 3534 δ·
1276 3490 1326 3558 tio
1343 3513 1423 3557 cum
1438 3489 1530 3558 lucta
1549 3487 1665 3580 coepit
1681 3482 1842 3560 trahente
1861 3489 1952 3576 Deo,
1977 3503 2012 3560 et
2028 3504 2174 3581 postea,
2204 3517 2264 3562 co·

334 3644 542 3726 Nicolao
564 3637 713 3716 Gallo
737 3633 940 3738 Philippus
965 3629 1120 3712 Melan.
1275 3591 1713 3778 Ξῗῖἳῖιὲῑὶῗῖαΐὶᾞί
1737 3587 2107 3778 ilt’i'zfffltnfflssrzt
2125 3599 2264 3766 2²:¹1¹:ss

232 3787 281 3880 S.
302 3799 350 3876 D.
402 3795 612 3871 Reverende
635 3793 701 3862 vir.
753 3788 816 3861 Me
839 3789 1008 3884 cupidum
1033 3808 1107 3860 esse
1129 3789 1225 3879 pacis
1274 3805 1379 3862 tatem
1397 3807 1432 3864 et
1449 3804 1584 3863 caetera
1600 3815 1743 3884 organa.
1783 3789 2005 3868 Debentur,
2022 3797 2258 3868 mmuh„

230 3907 328 3976 inter
349 3924 416 3972 nos
436 3898 592 3970 ostendit
615 3893 799 3966 silentium
823 3917 963 3974 meum,
990 3915 1070 3960 cnm
1088 3891 1222 3963 interea
1273 3907 1326 3964 ter
1340 3895 1396 3963 vel
1413 3893 1579 3986 privatim
1596 3897 1639 3964 ad
1665 3907 1719 3981 te,
1742 3895 1799 3966 val
1824 3898 1967 3988 publice
1981 3897 2148 3974 scribam.
2196 3899 2253 3970 Sed

230 4009 276 4078 de
301 4001 465 4076 hostibus
487 3998 726 4072 Ecclesiamm
751 4009 953 4066 nostrarum
979 4017 1054 4064 non
1077 4007 1223 4079 taceam,
1272 3996 1394 4065 malim
1415 4009 1450 4068 et
1471 3997 1515 4066 de
1540 3989 1605 4068 hac
1630 3999 1870 4068 controversia
1895 4003 1997 4074 etde
2025 4001 2108 4072 aliis
2127 4001 2262 4074 'multis

232 4109 294 4180 sed
307 4105 504 4176 multorum
521 4099 673 4172 subinde
687 4097 916 4166 refutationes
934 4099 1049 4168 edam.
1097 4093 1221 4166 iudico
1272 4097 1393 4190 plnres
1411 4097 1507 4168 viros
1522 4099 1644 4168 doctos
1656 4111 1690 4168 ct
1705 4099 1783 4191 pios
1797 4101 1966 4196 colloqui.

232 4209 329 4284 enirn
345 4204 598 4278 discernendos
613 4221 686 4270 esse
701 4201 795 4268 cives
809 4211 840 4267 et
858 4193 996 4281 hostes,
1022 4208 1056 4268 ct
1072 4221 1221 4268 concor·
1371 4195 1584 4290 Expostulss
1600 4223 1738 4271 mecum
1752 4204 1844 4271 etde
1858 4202 2000 4274 silentio
2016 4227 2110 4278 mco.
2162 4203 2265 4276 Scri.

231 4311 313 4382 dise
332 4330 435 4385 causa
451 4307 545 4378 inter
567 4327 634 4374 nos
651 4324 726 4370 non
742 4301 936 4390 adspernor
958 4299 1050 4370 illud
1067 4297 1221 4394 Syracu·
1270 4301 1324 4370 bit
1339 4296 1587 4394 Thucydides,
1612 4302 1650 4370 in
1664 4303 1837 4373 seditione
1853 4301 2066 4384 Atheniensi
2083 4305 2196 4376 etism
2212 4307 2265 4376 si-

233 4412 310 4484 sani
330 4410 447 4482 ducis:
482 4404 553 4480 οὐκ
575 4398 732 4496 αἰσχρὸν
755 4395 911 4481 οἰκείους
934 4395 1080 4472 οἰκείων
1104 4396 1221 4493 ἦσσᾶ-
1270 4402 1419 4472 lentium
1441 4402 1580 4474 civibus
1603 4403 1842 4494 periculorum
1863 4405 1982 4482 mim,
2034 4405 2125 4476 Τὼ
2149 4421 2205 4478 „g
2228 4423 2265 4480 g,

234 4513 342 4588 odas.
393 4509 454 4584 Tu
476 4521 602 4580 contro
626 4529 706 4575 cum
731 4505 771 4573 in
790 4504 930 4572 duabus
946 4496 1149 4572 Academiis
1175 4505 1218 4573 sd
1270 4499 1337 4574 hoc
1370 4519 1520 4598 tempus.
1576 4503 1649 4576 Sed
1683 4500 1797 4578 habeo
1830 4529 1971 4584 causam
2000 4509 2264 4599 gravissimam.

234 4613 365 4688 lstrnrn
393 4635 468 4682 nnn
494 4609 664 4702 procula
692 4619 726 4677 te
757 4618 954 4676 monstrosa
989 4603 1220 4676 deliramenta
1269 4605 1405 4682 Omnia
1439 4605 1628 4678 calumniis
1664 4609 1924 4700 depravantur,
1971 4634 2062 4708 quae
2094 4611 2264 4684 dicimur,

233 4711 317 4810 napi
341 4706 603 4808 ἇρτολατροίος
623 4721 658 4778 ct
675 4709 744 4778 alia
762 4707 857 4778 edita
878 4707 966 4790 sint,
992 4704 1065 4774 illis
1081 4706 1220 4775 omissis
1269 4703 1317 4778 Et
1343 4707 1499 4800 exempla
1527 4731 1665 4798 possem
1685 4709 1798 4782 multa
1819 4711 1976 4784 recitare.
2034 4707 2116 4784 Etsi
2149 4711 2265 4804 igitur

234 4814 509 4898 meinsectaris,
534 4827 574 4884 ut
592 4809 771 4880 lenissime
787 4809 914 4882 dicam.
965 4802 1128 4901 Cuusque
1144 4819 1219 4878 toto
1270 4833 1372 4900 saepe
1395 4809 1554 4896 ostendi,
1585 4833 1643 4880 me
1674 4835 1749 4882 non
1780 4811 1967 4886 dissentire
1992 4836 2012 4887 a
2035 4815 2264 4888 confession.

234 4915 483 5014 quinquennio
499 4939 555 4983 mc
576 4911 717 5004 publice
739 4911 906 4980 omnibns
928 4909 1068 5001 probris
1093 4931 1220 4978 onera·
1269 4921 1471 4982 nostrarum
1487 4907 1745 4992 Ecclesiam,
1769 4927 1888 4984 tasncn
1908 4927 1948 4998 tu
1963 4915 2153 5008 praecipue
2168 4915 2261 4986 seris

233 5019 347 5104 veris,
369 5037 467 5086 nunc
482 5015 625 5098 scribis,
642 5027 676 5084 tc
695 5011 793 5104 prius
810 5012 949 5082 mittere
964 5010 1139 5104 privatam
1156 5012 1220 5080 ad·
1268 5013 1504 5104 suspiciones,
1529 5030 1570 5084 ut
1590 5027 1649 5084 tua
1672 5011 1876 5084 dulcissima
1897 5017 2067 5107 praefatio
2089 5017 2263 5106 ostendit,

234 5117 490 5202 monitionem,
515 5130 651 5208 postea,
684 5113 754 5182 nisi
774 5113 939 5184 abiiciasn
961 5137 1117 5198 errores,
1152 5137 1220 5204 pu·
1269 5137 1374 5208 quam
1391 5115 1495 5184 dictis
1511 5141 1530 5184 a
1548 5139 1602 5183 me
1618 5117 1774 5186 collectis
1788 5115 1968 5192 addidisti.
1992 5115 2112 5190 Miror
2125 5134 2261 5206 autern,

237 5223 330 5296 bllss‘
351 5235 386 5291 ¹⁸
407 5241 546 5288 metum
574 5218 837 5308 dlwuldlufflm
864 5237 950 5290 ²⁸⁸0.
1001 5211 1078 5284 Hae
1103 5216 1219 5284 ironia
1269 5239 1333 5284 cur
1353 5239 1416 5285 vos
1438 5213 1606 5308 Episcopi
1620 5213 1709 5286 mihi
1733 5213 1873 5287 homini
1894 5214 2103 5290 scholastico
2130 5235 2166 5292 et
2187 5223 2260 5292 mi-

237 5321 533 5419 planederideur.
583 5315 654 5390 Sed
670 5317 782 5390 ludite
796 5329 836 5388 nt
849 5315 968 5390 vultis.
1018 5311 1219 5409 Respondi,
1269 5339 1347 5386 sero
1380 5341 1454 5386 non
1487 5319 1706 5411 componatis
1738 5319 1944 5410 explicatam
1978 5321 2172 5392 formulam
2202 5323 2260 5395 lo-

238 5442 279 5500 nt
311 5418 403 5495 mibi
430 5423 576 5518 quidem
605 5419 767 5506 videtur,
797 5419 936 5512 placide
968 5430 1005 5490 et
1034 5411 1221 5490 humiliter
1270 5419 1421 5514 quendi;
1457 5419 1553 5492 scitis
1580 5421 1696 5508 enim,
1729 5445 1792 5492 vos
1816 5418 1884 5516 ipsi
1906 5421 2009 5494 ,liter
2034 5424 2125 5496 ,1503
2145 5425 2260 5522 lgqug
