4782 6182
112 323 186 399 ets
721 294 1152 386 EPISTULARUM
1204 287 1313 368 [ΑΒ.
1337 283 1421 364 llll.
1473 281 1606 366 1⁶⁵⁰.
2110 283 2187 362 860

3 521 5 552 ¹
120 498 299 570 utendum
324 517 418 579 esse,
448 491 507 560 sed
533 486 651 581 precia
675 505 796 554 rerum
821 483 1015 568 augentur,
1046 493 1121 542 non
1177 465 1277 538 lisse.
1331 456 1491 530 Maxime
1510 455 1630 538 volui,
1670 467 1709 526 ut
1731 466 1825 526 recte
1849 453 2018 550 explicata
2051 468 2181 528 extaret

118 597 782 680 solumdifficultatibustemporum,
823 597 856 654 et
885 577 1123 670 lmperiorum
1178 567 1330 644 veritas,
1362 563 1494 632 deinde
1514 575 1553 632 ut
1580 583 1686 652 quarn
1710 559 1882 650 plurimae
1898 557 2075 628 Ecclesiae
2096 581 2182 629 con-

119 703 313 787 oueribus,
338 701 398 768 sed
417 697 520 766 etiam
539 696 756 785 privatorum
775 684 961 756 homiuum
980 675 1122 748 iniusti·
1178 671 1306 740 cordes
1322 679 1456 748 essent,
1490 677 1522 732 et
1546 675 1697 755 utraque
1722 662 1758 730 in
1784 685 1821 730 re
1844 661 2056 731 mediocrem
2074 661 2181 730 luisse

2 803 6 841 ⁵
121 807 182 879 tia.
240 801 332 874 Cum
364 800 472 886 igitur
503 789 705 866 rever⁴euter
735 802 854 880 petant
880 784 985 854 vestri
1017 773 1122 850 scho-
1178 795 1295 842 meam
1323 767 1546 857 diligentiam
1569 765 1653 843 scis,
1684 788 1774 856 quae
1798 757 1933 832 simihi
1955 764 2115 844 nocebit,
2141 775 2179 832 ut

121 905 257 986 Institi,
294 917 335 974 ut
354 901 490 994 aliquid
518 898 561 968 ad
586 895 763 989 stipendia
787 893 956 970 addatur,
994 903 1122 977 quaeso
1179 868 1520 943 indissensionibus
1537 863 1703 936 civilibus
1719 865 1793 934 fieri
1811 865 1918 948 solet,
1943 863 2020 936 Deo
2037 866 2180 936 iuvante

3 1007 6 1046 ³
119 1024 161 1080 ut
187 1031 266 1091 eos,
301 1019 335 1075 et
358 999 609 1092 suffragatione
635 1013 692 1067 tua
715 1009 748 1063 et
773 991 959 1064 autoritate
986 1000 1019 1054 et
1041 1005 1121 1050 vera
1179 999 1292 1070 aequo
1309 972 1430 1040 animo
1445 971 1558 1040 seram
1574 991 1612 1038 ea
1628 991 1719 1062 quae
1734 965 1906 1038 accident.

3 1127 6 1148 ”
119 1108 352 1182 beneficentia
384 1121 465 1176 tuae
495 1115 642 1172 naturae
670 1099 825 1169 adiuves,
895 1089 1004 1162 Utilia
1031 1097 1123 1154 certe
1281 1071 1434 1145 Dolores
1475 1087 1555 1142 tuos
1587 1094 1629 1140 ex
1662 1067 1798 1140 Graeca
1831 1069 1978 1162 epistula
2014 1068 2181 1152 intellexi,

2 1247 7 1258 ·
121 1217 312 1294 docemus,
345 1221 525 1278 etsumus
547 1199 763 1283 hortatores,
804 1209 843 1267 ut
867 1192 981 1264 nostri
1004 1201 1123 1258 ament
1178 1203 1270 1274 quae
1286 1171 1374 1246 mihi
1392 1198 1466 1244 uon
1486 1188 1537 1244 est
1553 1173 1712 1262 ingrata,
1745 1195 1785 1241 ac
1802 1171 1846 1242 de
1867 1171 2098 1262 responsione
2115 1197 2179 1262 op-

2 1321 6 1362 ³
121 1308 637 1410 publicamtranquillitatem,
670 1319 704 1374 et
729 1301 891 1394 pietatem
916 1318 990 1364 esse
1013 1291 1124 1360 sciant
1178 1281 1343 1374 ponenda
1367 1280 1436 1348 coi
1460 1270 1624 1369 βλακίου
1649 1273 1812 1365 scriptis,
1843 1297 1960 1343 coram
1987 1287 2102 1344 tecum
2125 1274 2181 1342 ln-

122 1441 200 1487 non
225 1413 369 1484 inutiles
399 1411 491 1481 rixas
513 1432 671 1492 movere,
714 1405 774 1474 sed
809 1400 902 1470 veris
936 1393 1124 1486 gemitibus
1179 1407 1279 1478 quar.
1337 1377 1447 1450 Mitto
1468 1371 1642 1448 Hencelii
1661 1375 1858 1467 epistolam,
1916 1373 2034 1446 Tuam
2055 1371 2181 1444 Eccle-

120 1518 239 1592 Deum
257 1517 442 1597 iuvocare,
478 1527 512 1582 et
530 1523 708 1602 praestare
724 1507 757 1575 ei
780 1493 932 1602 λογικὴν
951 1488 1125 1590 λατρείαν
1179 1487 1266 1556 siam
1290 1482 1518 1552 domesticam
1548 1492 1589 1550 ut
1612 1477 1706 1547 lilius
1728 1474 1796 1548 Dei
1818 1490 1949 1562 servet,
1982 1489 2017 1546 et
2041 1477 2180 1546 incolu-

125 1635 161 1693 et
177 1621 312 1704 cultus,
336 1639 425 1710 quos
439 1605 596 1708 decet*).
648 1609 745 1679 Haec
765 1629 837 1675 uon
857 1605 985 1672 frustra
1001 1596 1125 1668 audire
1178 1611 1270 1660 mem
1288 1587 1332 1656 ad
1349 1597 1384 1655 te
1400 1587 1568 1666 reducat,
1602 1592 1676 1650 toto
1701 1603 1781 1650 eum
1796 1592 1937 1670 pectore
1954 1603 2030 1652 oro.
2081 1575 2180 1649 Bene

126 1723 315 1818 plerosque
330 1742 442 1811 spero.
494 1713 658 1786 Modeste
683 1711 777 1782 euim
796 1695 943 1788 viumt,
974 1714 1008 1774 et
1023 1721 1125 1790 spero
1177 1705 1213 1762 et
1233 1687 1384 1760 feliciter
1404 1687 1495 1760 vale.
1547 1679 1652 1756 Xlll.
1670 1677 1745 1754 Cal.
1762 1673 1912 1756 Octobr.

125 1824 225 1896 domi
258 1819 468 1894 concordiae
499 1816 662 1910 publicae
696 1811 872 1884 studiosos
902 1807 988 1875 sore.
1046 1797 1124 1870 Oro
1928 1775 2129 1876 Philippus.

127 1941 246 2000 autem
281 1923 412 1994 Filium
440 1917 509 1990 Dei
541 1931 582 1990 ut
615 1941 682 1986 nos
715 1935 837 1984 omnes
862 1909 1055 2000 gubernet,
1092 1915 1126 1972 et

25 2057 28 2063 ·
127 2042 274 2124 propter
297 2049 397 2097 suam
429 2022 577 2113 gloriam
604 2032 718 2088 servet
745 2013 924 2084 Ecclesiae
947 2005 1127 2100 reliquias,

131 2150 164 2204 et
187 2151 253 2200 nos
277 2130 371 2198 inter
399 2125 488 2194 illas.
548 2119 645 2191 Bene
674 2135 707 2191 et
727 2115 877 2234 feliciter
904 2112 1022 2234 vale...
1059 2103 1127 2176 Die
1182 2128 1375 2206 ngoqg·
2007 2128 2167 2214 2t·8epr.
2223 2163 2239 2208 ι,

133 2233 192 2306 17.
207 2229 385 2322 Septemb.
409 2251 480 2320 quo
502 2223 595 2294 Arca
619 2213 756 2294 Nohae
776 2239 932 2318 primum
950 2231 1128 2308 quirescere
1187 2225 1358 2260 ..m
1993 2221 2194 2268 w...

132 2333 248 2426 coepit
272 2345 354 2401 aute
380 2351 494 2398 anuos
516 2327 628 2401 5862.
697 2321 843 2396 Utinam
870 2341 965 2386 nuuc
988 2333 1128 2408 quoque
1470 2312 1522 2400 a,
1551 2309 1881 2398 Buphlwlmp,

133 2437 228 2509 Arca
242 2430 376 2507 Christi
393 2431 557 2528 quiescat.
1283 2469 1383 2528 Mmffi
1402 2468 1501 2540 sm
1519 2485 1546 2541 Ρ,
1558 2467 1612 2524 342
1626 2485 1669 2539 aq.

1191 1997 1582 2020 Μ

138 2637 1121 2676 -Μ”“
1183 2625 1397 2703 Reverendo
1419 2627 1515 2706 viro.
1541 2621 1747 2720 Georgio
1771 2619 2183 2724 [Buchhollzero],

137 2807 339 2880 Νο.6075.
979 2805 1034 2866 ¹9·
1048 2794 1132 2877 Sept.
1184 2733 1333 2831 paslort'
1345 2729 1537 2802 Ecclesiae
1550 2727 1630 2897 D'qe'
1639 2727 1680 2844 iq
1698 2725 1785 2844 ugho
1801 2731 1955 2812 Arctoa,
1979 2729 2185 2829 frastim

990 2885 1129 2914 Μ
1568 2853 1584 2897 c
1614 2851 1803 2898 aressnno.

143 2899 313 2931 Μ

398 3001 550 3089 Ioum,
580 2997 862 3086 camerario,
1188 2961 1236 3050 S.
1262 2977 1307 3051 D.
1358 2975 1568 3049 Reverende
1584 2977 1655 3060 vir,
1681 2991 1716 3048 et
1733 2971 1937 3050 charissime
1954 2981 2073 3057 irater.
2110 2983 2184 3056 Do.

1190 3083 1243 3151 leo
1268 3092 1400 3151 tantam
1428 3081 1563 3148 rabiem
1588 3101 1661 3148 esse
1683 3077 1980 3172 calumniandi'),
2013 3099 2052 3154 ut
2079 3089 2184 3158 etiam

208 3189 295 3260 Epio.
309 3185 343 3240 ad
356 3183 496 3240 eruerer.
515 3199 542 3253 p.
558 3179 619 3233 ⁷⁰⁸·
638 3175 695 3242 (ed.
711 3173 800 3232 Μ·
820 3171 866 3227 tu.
879 3169 925 3227 lv·
944 3190 985 3242 Ῥ·
998 3169 1082 3240 ⁸⁵⁰·l·
1190 3183 1288 3252 virus
1306 3195 1473 3252 evomant
1495 3175 1731 3276 sycophantae
1757 3195 1879 3252 contra
1896 3179 2186 3266 Grammaticam.

141 3357 194 3438 CI
248 3360 255 3378 ·
302 3361 309 3378 ·
422 3356 429 3374 ·
557 3349 629 3424 Μ.
651 3373 695 3421 m
738 3357 751 3418 ἱ
795 3345 912 3416 ,imm
959 3369 977 3413 Γ
1043 3339 1141 3412 'ami
1190 3283 1284 3357 Dum
1301 3307 1366 3353 nos
1381 3284 1636 3354 vocabulorum
1652 3283 1881 3376 etymologias
1899 3288 2120 3378 quaerimus,
2146 3309 2186 3364 ut

192 3383 368 3434 mmmm
391 3380 469 3428 m
492 3380 553 3426 ‘m
583 3377 649 3424 ΗΟ
719 3373 735 3420 ⁶
782 3377 796 3414 ⁰
930 3367 1040 3441 pm
1190 3411 1247 3458 me
1278 3387 1421 3478 quidem
1452 3385 1718 3476 grammaticum
1742 3385 1858 3472 decet,
1895 3403 1928 3456 et
1951 3391 2185 3466 consideratio

177 3457 324 3537 1⁰⁰⁶h
335 3460 424 3532 ’.Μ
451 3453 695 3530 ΟΜΗΜ
705 3475 726 3523 ⁰
743 3449 870 3552 »ΜΝ
887 3471 956 3518 ⁸¹¹⁰
978 3469 1106 3520 ‘mss'
1192 3489 1331 3582 antiqui
1352 3488 1497 3558 vestitus
1513 3511 1578 3558 uos
1596 3491 1640 3557 de
1658 3501 1816 3557 veterum
1832 3491 2004 3560 modestia
2019 3495 2186 3572 admonet

144 3604 193 3692 S.
220 3617 265 3692 D.
314 3613 393 3686 Etsi
410 3633 585 3703 nusquam
602 3631 681 3676 sum
703 3602 874 3676 libentius
890 3624 996 3694 quam
1016 3611 1142 3682 tecum,
1193 3589 1251 3688 (ut
1275 3585 1468 3661 Aeschines
1492 3590 1614 3660 laudat
1635 3589 1843 3680 gravitatem
1876 3591 2037 3674 Solonis,
2080 3621 2184 3692 quern

144 3719 365 3792 cumameis
380 3716 464 3784 filiis
479 3711 663 3782 etfiliabus
677 3708 813 3790 absum,
839 3705 930 3774 etad
947 3701 1141 3770 voslibeu·
1194 3695 1244 3764 ait
1271 3717 1334 3760 nec
1360 3717 1506 3761 manaun
1534 3693 1749 3762 indicendo
1776 3695 1963 3782 protulisse
1989 3711 2084 3769 extra
2109 3703 2185 3794 pal.
2301 3747 2307 3756 .

144 3837 200 3896 ter
231 3823 451 3900 accederem,
491 3828 607 3884 tamen
638 3809 720 3903 quia
751 3807 834 3878 aula
865 3829 940 3876 non
975 3801 1143 3894 postulat,
1196 3791 1324 3887 liunu)
1356 3795 1489 3862 interea
1512 3795 1657 3888 quidam
1681 3787 1896 3886 εὐτράπελοι
1915 3797 2097 3887 dixerunt,
2130 3829 2187 3876 me

145 3949 273 3997 maneo
297 3919 355 3992 bic
379 3921 417 3988 in
440 3931 562 3988 nostro
586 3910 794 4001 Ergastulo,
829 3907 1034 3999 praesertim
1062 3927 1142 3972 cum
1195 3897 1284 3966 velle
1307 3901 1479 3964 renovare
1507 3895 1750 3965 adorationem
1780 3898 1975 3969 lacerarum
1993 3903 2185 3992 caligarum

147 4041 182 4098 et
208 4025 340 4119 pastori
359 4033 481 4092 nostro
506 4011 689 4085 inchoatas
718 4033 843 4104 operas
873 4009 1056 4076 absolvere
1087 4027 1144 4072 me
1198 3992 1349 4088 losephi.
1400 3995 1468 4066 Sed
1489 3998 1624 4065 etiamsi
1639 3999 1822 4085 derideor,
1858 4015 1972 4072 tamen
1992 4005 2188 4094 tibigran..

146 4143 230 4200 ante
254 4137 448 4196 mercatum
470 4118 652 4208 Lipsicum
678 4122 858 4204 oporteat,
891 4122 927 4178 et
954 4103 1144 4176 nuncAu-
1197 4099 1342 4168 maticas
1381 4098 1688 4192 interpretationes
1719 4103 1763 4170 de
1793 4107 1918 4174 calceis
1950 4119 1983 4175 et
2020 4109 2189 4180 sandaliis

147 4229 307 4323 gustanis
321 4241 354 4296 et
371 4221 537 4304 Polonis,
565 4219 608 4285 de
623 4216 729 4284 rebus
745 4209 909 4280 maximis
926 4210 1145 4300 responden·
1197 4201 1299 4270 mitto
1323 4215 1387 4268 etc.

149 4335 236 4404 dum
255 4331 312 4403 sit.
364 4320 559 4396 Excusabis
577 4318 685 4408 igitur
700 4337 756 4382 me
773 4309 938 4396 Rectori,
962 4311 1059 4403 quod
1073 4331 1145 4376 nou
1299 4299 1520 4372 Commendo
1542 4317 1659 4374 autem
1687 4307 1753 4378 tibi
1778 4302 1873 4379 bunc
1897 4306 2095 4380 auditorem
2124 4339 2191 4381 na-

148 4435 267 4506 venio.
317 4422 548 4516 Languelacit
560 4420 664 4490 etiarn
678 4439 734 4484 me
749 4413 947 4505 cupientem
964 4412 1146 4480 vobiscum
1198 4420 1308 4475 strum
1327 4397 1634 4476 Bartholomeum
1652 4403 1872 4502 Georgium,
1905 4413 2190 4485 natumiuSali-

150 4533 345 4630 proficisci,
380 4541 494 4598 metus
526 4520 806 4612 disputationum
838 4508 920 4608 napi
949 4507 1149 4609 διαλλαγῆς
1200 4508 1271 4590 nis,
1297 4503 1516 4597 orphanum:
1543 4511 1603 4602 qui
1622 4535 1695 4579 rem
1713 4511 1841 4582 iustam
1855 4525 1949 4602 petet
1965 4513 2010 4579 ab
2026 4515 2191 4587 illustris-

151 4661 232 4710 cum
248 4627 459 4730 Polyphemi
473 4617 637 4718 liliis”),
664 4619 727 4714 qui
741 4641 799 4687 eas
810 4613 899 4685 mibi
916 4617 1008 4704 leges
1020 4617 1150 4697 leramt,
1201 4609 1292 4678 simo
1313 4625 1347 4680 et
1362 4611 1655 4680 reverendissimo
1677 4613 1838 4703 principe
1860 4609 2122 4706 Sigismuudo,
2154 4635 2193 4690 ut

151 4763 242 4836 quas
256 4735 333 4807 Deo
350 4735 514 4812 iuvante,
549 4749 622 4794 noo
640 4737 844 4815 accepturus
858 4741 987 4802 essem,
1013 4715 1149 4787 etiamsi
1203 4711 1347 4780 mandet
1371 4736 1390 4780 a
1417 4711 1493 4781 cive
1515 4716 1672 4805 quodam
1694 4715 1733 4783 in
1756 4715 2068 4788 Salinisdebitem
2087 4745 2194 4811 pecu.

156 4845 198 4914 in
218 4837 398 4912 Latomiae
421 4831 574 4902 eundem
600 4838 700 4898 esset.
763 4820 844 4892 Non
875 4843 997 4890 recuso
1022 4841 1061 4888 ex
1085 4813 1150 4888 hac
1203 4815 1298 4882 niam
1325 4809 1551 4882 haeredibam
1573 4815 1661 4888 dari.
1719 4814 1888 4890 Mandata
1910 4815 2087 4911 Principis
2111 4823 2194 4892 illu.

157 4944 301 5036 regione
319 4918 520 5018 discedere,
552 4928 837 5022 quandocunque
858 4919 954 4991 Deus
977 4921 1088 5004 volet,
1114 4919 1151 4986 iu
1204 4914 1366 4986 strissimi
1390 4915 1493 5006 petit,
1527 4939 1616 5006 quae
1637 4929 1678 4986 ut
1700 4917 1881 5010 impetret,
1914 4937 2195 5016 quaerentem„

159 5071 229 5142 qua
244 5045 311 5116 scis
327 5064 384 5110 me
408 5028 680 5108 consociationis
698 5023 937 5094 Ecclesia-arum
955 5023 1153 5092 studiosum
1205 5017 1361 5086 adiuves.
1438 5009 1633 5106 Orphanos
1665 5011 1848 5107 honestos,
1890 5037 1924 5094 et
1965 5017 2195 5095 bonestorum

159 5149 285 5232 ‘uim’
316 5157 352 5216 et
374 5139 486 5212 multa
510 5157 584 5204 non
608 5130 752 5201 ferend,
774 5120 1071 5210 hominiqeffico,
1097 5137 1153 5194 tu-
1207 5119 1314 5192 filios,
1345 5117 1533 5200 adiarvare,
1557 5119 1732 5206 pietasest
1746 5119 1823 5194 Deo
1838 5139 1946 5216 grata.
1997 5123 2199 5198 Benevole.

1207 5217 1274 5287 Die
1291 5211 1481 5298 Matthaei,
1511 5215 1619 5294 1556.

1215 5393 1292 5402 --n-
1332 5389 1427 5402 ..ιη-

158 5331 386 5354 ,111ομ

196 5439 231 5504 ⁸)
248 5435 334 5492 Peos.
352 5435 450 5496 docet,
479 5429 619 5485 mendose.

197 5525 246 5598 ”t
264 5519 371 5578 raetos
386 5529 413 5572 a
431 5513 509 5572 rocta.
1248 5503 1275 5566 a)
1294 5495 1477 5553 numanum
1497 5493 1655 5570 :occupatu
1684 5499 1815 5558 traua.

170 5606 351 5674 Mrcsrrr.
376 5599 482 5664 Orsa.
512 5593 595 5658 voc.
624 5587 715 5654 vttt.
1533 5567 1584 5646 54
