4792 6186
222 285 296 360 691
800 276 1234 358 netsronartnu

225 457 303 528 miti
320 447 602 554 Christoplsoro.
652 452 920 548 Praeceptorem
940 447 1106 524 Danieli
1118 449 1219 522 attri-

226 561 291 631 bui
308 561 453 632 doctum
471 560 601 642 virum,
627 558 690 649 qui
706 581 844 628 mecum
857 557 926 628 fuit
940 578 1054 626 annos
1067 551 1220 646 amplius

227 662 410 736 tredecim.
461 658 559 742 Bene
577 660 666 729 vale.

969 755 1171 851 Philippus.

229 1168 297 1242 No.
313 1167 427 1244 5942.

235 1272 448 1310 w

1002 1175 1032 1240 d.
1050 1179 1222 1258 nequinont.

1004 1267 1216 1302 unm

448 1367 661 1476 (Testim.
685 1365 742 1454 de
770 1367 1007 1479 liuguae.)

301 1545 400 1603 Manlii
417 1547 517 1620 iare-ag.
535 1565 564 1618 p.
576 1545 651 1604 87st
664 1565 707 1618 sq.

450 1703 492 1778 S.
516 1701 571 1781 D.
598 1702 745 1776 lecturis
768 1697 841 1774 has
868 1700 1009 1775 literas.

111 1916 123 1946 ,
233 1844 310 1928 Hic
340 1857 547 1950 peregrinus
580 1848 780 1926 Gutbertus
813 1853 1032 1948 Hugonius,
1065 1859 1223 1928 modeste

234 1961 329 2050 apud
349 1983 415 2029 nos
432 1955 498 2028 hac
515 1961 586 2028 tota
604 1954 730 2052 hyeme
743 1958 841 2028 vixit.
868 1951 994 2028 Narrat
1014 1983 1050 2030 se
1064 1960 1222 2030 docuisse

234 2061 391 2150 linguam
408 2059 574 2131 Latinam
591 2073 624 2130 et
641 2057 812 2130 Graecam
829 2059 868 2128 in
883 2055 1024 2145 scholis,
1051 2077 1084 2130 et
1100 2062 1223 2131 scribit

235 2164 386 2234 solutam
407 2161 602 2232 orationem
623 2175 658 2231 et
676 2187 817 2230 carmen
832 2160 970 2238 Latine.
1021 2160 1169 2232 Causam
1187 2186 1222 2231 se

235 2260 420 2333 honestam
454 2263 747 2356 peregrinationis
785 2259 914 2333 hahere
947 2265 1083 2356 inquit,
1127 2267 1221 2357 quod

236 2365 382 2456 impiam
398 2367 622 2459 tyrannidem
640 2379 673 2435 et
690 2365 799 2436 furias
818 2357 956 2436 Potin
979 2362 1222 2436 Wintonien-

235 2463 290 2536 sis
312 2467 509 2558 adprobare
534 2467 708 2536 noluerit:
738 2491 893 2558 quomam
914 2468 1022 2548 alter,
1056 2468 1224 2538 videlicet

235 2561 373 2651 Polus,
400 2569 556 2659 scripsit:
588 2567 628 2639 Si
651 2565 780 2637 Caesar
803 2591 882 2636 cnm
908 2568 1061 2639 exercitu
1082 2569 1122 2638 in
1146 2569 1222 2660 ipso

233 2671 325 2740 freto
341 2667 563 2761 Hellesponti
586 2670 657 2740 iam
681 2683 770 2740 esset
790 2693 871 2738 cum
888 2667 1016 2740 Turcis
1033 2672 1223 2762 praeliatu-

234 2795 316 2855 rus,¹
329 2794 366 2840 se
383 2772 473 2841 velle
489 2773 520 2840 ei
537 2767 753 2841 hortatorem
771 2795 854 2853 esse,
873 2785 913 2844 ut
927 2773 1056 2842 omisso
1068 2771 1221 2843 'l'urcico

234 2873 353 2956 bello,
388 2875 519 2944 rediret
546 2876 589 2943 ad
621 2875 792 2944 delendos
820 2869 1054 2948 Lntheranos.
1123 2874 1219 2966 Quid

234 2975 351 3065 potuit
372 2975 441 3044 dici
462 2977 655 3046 furiosius?
705 2975 823 3046 Huius
837 2976 947 3064 igitur
963 2970 1136 3046 Gutberti
1148 2979 1236 3067 vir·‚

235 3089 291 3146 tus
314 3076 491 3148 laudanda
516 3077 599 3158 erit,
633 3079 730 3169 qnod
755 3079 792 3146 iu
816 3079 921 3150 exilio
949 3079 1067 3148 vivere
1084 3079 1221 3160 maluit,

234 3201 341 3270 quam
358 3203 501 3272 quoquo
516 3183 622 3248 modo
637 3181 767 3249 talibus
783 3181 943 3273 tyrannis
957 3181 1138 3251 assentari.
1168 3183 1222 3252 Ac

234 3282 333 3349 decet
347 3275 513 3350 honestos
531 3282 641 3364 viros,
675 3297 708 3351 et
726 3296 868 3372 propter
883 3277 1064 3351 honestam
1082 3307 1220 3354 cansam

232 3383 432 3462 exulantes,
466 3379 702 3472 hospitalibus
735 3383 859 3454 officiis
888 3383 1021 3454 iuvare.
1080 3383 1223 3474 Cogite-

221 3485 312 3551 'mus
346 3485 388 3551 de
419 3485 600 3553 communi
628 3485 732 3553 exilio
764 3484 901 3573 generis
923 3479 1093 3568 humani,
1125 3488 1219 3581 quod

233 3583 471 3653 immortalem
487 3586 613 3670 vitam,
638 3610 755 3654 veram
771 3586 901 3654 scilicet
915 3587 1062 3676 patriam
1078 3601 1223 3680 propter

233 3683 416 3776 peccatum
439 3686 637 3756 amisimus:
677 3689 719 3756 ad
747 3711 853 3780 qnam
876 3700 993 3756 tamen
1017 3691 1222 3760 reducimur

232 3810 297 3876 per
318 3787 432 3856 filium
455 3785 539 3874 Dei,
572 3785 768 3860 Dominum
791 3801 951 3857 nostrum
975 3787 1089 3860 lesum
1113 3787 1220 3862 Chri-

233 3901 345 3968 stum,
372 3889 433 3982 qui
449 3891 529 3958 exul
544 3905 689 3982 propter
703 3915 768 3962 nos
782 3891 860 3960 luit.
912 3887 1114 3980 Cogitemus
1127 3908 1160 3963 et
1177 3897 1220 3964 de

232 3989 468 4086 inconstantia
484 3992 647 4062 fortunae
664 3986 871 4075 hominum,
896 4003 930 4062 et
947 3993 1057 4064 simus
1073 3995 1217 4065 officiosi

233 4114 312 4180 erga
332 4093 459 4162 exules.
510 4091 620 4164 Datae
637 4118 732 4164 anno
754 4089 862 4168 1656.
886 4094 944 4164 die
966 4098 1069 4166 verni
1093 4097 1218 4189 aequi-

231 4193 358 4275 noctii,
385 4220 456 4286 quo
480 4208 637 4286 tempore
662 4211 833 4266 cometam
852 4197 1047 4268 terribilem
1064 4199 1218 4288 flagran-

230 4307 301 4364 tem
328 4296 502 4379 vidimus,
537 4310 654 4387 postea
679 4299 781 4366 celeri
801 4312 898 4368 motu
917 4301 962 4368 ad
979 4296 1113 4371 Arcton
1134 4322 1218 4388 pro-

229 4409 378 4471 vectum.
427 4397 525 4470 Deus
548 4399 659 4471 leniat
674 4401 834 4492 publicas
850 4414 885 4471 et
902 4402 1057 4493 privatas
1073 4399 1216 4470 calami-

229 4510 326 4568 tates.

737 4599 927 4697 Philippus
942 4595 1168 4672 Melanthum

237 4997 302 5075 No.
321 4999 435 5077 5943.

232 5095 443 5138 Q

540 5203 590 5287 U.
620 5200 901 5290 Mordeieen.
968 5199 978 5210 ”

320 5375 405 5450 lipist.
423 5377 514 5436 lib.V.
531 5395 559 5450 p.
575 5375 625 5432 175
639 5396 700 5451 sqq.

1284 273 1392 356 LlB.
1417 273 1500 356 ΧΠ.
1553 275 1685 354 1556.
2187 264 2273 344 692

1542 442 1709 520 Ulrico
1734 437 1993 516 Mordisin.

1273 563 1323 652 S.
1349 576 1394 655 D.
1445 577 1648 652 Clarissime
1667 580 1733 651 vir.
1783 578 1974 672 Postquam
1994 577 2140 646 domum
2159 575 2274 656 redii,

1272 682 1391 752 literas
1429 685 1547 776 accepi
1586 681 1846 754 concionatoris
1884 679 1993 769 Regis
2026 671 2274 772 Maxaemy-

1275 779 1377 853 liani
1390 777 1443 872 ¹³),
1476 800 1511 856 et
1529 789 1770 880 quaestiones,
1795 806 1881 877 quas
1898 781 2003 851 Pater
2017 778 2112 850 Filio
2131 803 2273 872 propo-

1274 885 1341 954 suit
1352 937 1364 971 ,
1392 889 1437 956 de
1458 889 1646 959 autoritate
1661 886 1908 982 Synodornm,
1934 897 1969 954 et
1988 883 2085 952 alias.
2138 879 2194 950 De
2209 877 2274 952 his

1273 988 1442 1058 volumen
1455 990 1558 1060 mitto
1575 993 1618 1060 ad
1634 990 1930 1062 concionatorem.
1983 983 2109 1055 Postea
2125 1007 2168 1053 ex
2182 981 2276 1054 Bel-

1274 1088 1352 1178 gico
1368 1089 1485 1184 accepi
1504 1087 1543 1164 V
1542 1089 1629 1160 elsii
1643 1091 1775 1161 Medici
1791 1089 1921 1182 captivi
1936 1088 2070 1168 literas,
2096 1100 2128 1156 et
2151 1081 2275 1158 histo·

1276 1191 1365 1260 riam
1387 1194 1432 1262 de
1455 1195 1595 1264 duobus
1615 1193 1804 1276 iratribus,
1830 1191 1893 1285 qui
1909 1203 2055 1282 propter
2069 1189 2275 1260 confessio-

1275 1317 1356 1362 nem
1380 1295 1554 1378 veritatis,
1586 1321 1692 1390 quam
1710 1295 1828 1365 iudico
1846 1293 1940 1385 piam
1955 1313 2045 1376 esse,
2072 1291 2276 1362 crudeliter

1276 1395 1389 1464 exusti
1413 1411 1506 1468 sunt.
1558 1395 1610 1468 lta
1627 1398 1771 1468 saevitia
1788 1409 1821 1466 et
1838 1398 1976 1465 furores
1993 1393 2031 1460 in
2049 1392 2172 1482 impiis
2187 1417 2273 1462 cre-

1276 1511 1391 1572 scunt.
1445 1497 1519 1569 Nec
1540 1501 1688 1571 dubium
1711 1511 1782 1584 est,
1811 1499 1899 1591 quin
1923 1518 2057 1588 poenae
2083 1509 2271 1566 secuturae

1275 1599 1366 1683 siut,
1392 1625 1499 1692 quas,
1523 1601 1674 1673 utDeus
1697 1601 1807 1672 leniat
1830 1596 1886 1670 his
1910 1596 2117 1688 regionibus
2139 1610 2173 1668 et
2193 1594 2266 1666 En

1276 1701 1408 1788 clesiis,
1432 1717 1506 1774 toto
1542 1729 1623 1775 enm
1658 1719 1799 1796 pectore
1831 1727 1906 1774 oro.
1970 1699 2039 1770 Die
2071 1697 2174 1772 Febr.
2197 1699 2260 1774 26.

1277 1818 1436 1874 mortuns
1459 1819 1511 1876 est
1536 1831 1641 1877 senex
1664 1805 1852 1898 Princeps,
1884 1801 2030 1874 Elector
2049 1791 2255 1870 Fridericus

1274 1897 1489 1980 Palatinus,
1540 1907 1588 1980 Et
1608 1909 1734 1990 audio,
1760 1909 1945 1976 succedere
1965 1901 2093 1974 Ducem
2109 1893 2246 1971 Oeten-

1276 2005 1400 2078 ricem.
1450 2007 1539 2080 Eius
1561 2009 1770 2100 gubernatio
1791 2023 1832 2080 ut
1857 2007 1902 2078 sit
1927 2005 2012 2075 felix
2035 2017 2069 2074 et
2090 2002 2252 2089 salutaris,

1275 2109 1380 2180 saciat
1397 2107 1522 2194 Datis,
1549 2113 1713 2184 conditor
1733 2111 1870 2202 generis
1889 2104 2056 2192 hnmani,
2087 2107 2148 2198 qni
2165 2107 2260 2174 solus

1275 2211 1336 2281 dat
1360 2211 1475 2283 felicia
1492 2215 1651 2306 imperia.
1701 2213 1863 2284 Proiecto
1882 2236 1955 2280 non
1973 2233 2050 2278 sum
2069 2209 2146 2277 sine
2164 2207 2265 2276 solli-

1275 2313 1443 2386 citudine.
1494 2315 1709 2406 Significabo
1734 2315 1854 2400 vohis,
1879 2337 1968 2408 quae
1991 2305 2084 2382 mihi
2101 2312 2146 2380 de
2161 2309 2266 2380 initio

1274 2415 1543 2504 gubernationis
1560 2419 1771 2488 scribentur.

1376 2514 1553 2590 Adsernnt
1579 2521 1622 2588 ad
1641 2521 1757 2588 aulam
1775 2519 1918 2613 quidam
1931 2513 2192 2586 Kemnicenses
2208 2539 2267 2606 pe-

1274 2617 1437 2688 titionem
1459 2619 1732 2712 dispensationis
1756 2621 1794 2690 in
1818 2621 1921 2692 tertio
1946 2619 2056 2708 gradu
2083 2618 2266 2689 affinitatis

1276 2720 1314 2788 in
1343 2720 1437 2790 linea
1466 2721 1656 2816 inaequali.
1718 2721 1766 2794 Et
1789 2724 1858 2792 iam
1882 2723 2023 2814 publica
2045 2719 2266 2810 dispensatio

1272 2823 1365 2892 iacta
1389 2837 1451 2892 est.
1500 2819 1548 2894 Et
1568 2826 1694 2908 audio,
1728 2821 1896 2896 honestos
1920 2819 2084 2894 homines
2109 2845 2211 2908 esse,
2235 2835 2266 2890 et

1273 2923 1376 2993 valde
1391 2925 1491 3014 angi,
1517 2951 1580 2994 oro
1589 2978 1601 3011 ,
1629 2943 1668 2996 ut
1683 2929 1873 2998 clementer
1889 2927 1949 2996 fiat
1965 2925 2210 3018 dispensatio,
2234 2937 2264 2993 et

1273 3027 1487 3095 concedatur
1504 3029 1720 3119 coniugium.

1376 3125 1531 3216 Torgam
1553 3155 1633 3200 cum
1651 3131 1845 3216 venissem,
1862 3127 1970 3216 Dect.
1986 3119 2126 3222 Preger
2142 3129 2260 3220 procul

1274 3229 1404 3302 aberat.
1442 3227 1632 3314 Etanna,
1660 3259 1740 3303 eum
1759 3229 1875 3304 adhuc
1891 3232 2047 3303 triennio
2065 3231 2256 3319 obligatum

1274 3354 1346 3400 esse
1366 3329 1498 3404 Comiti
1520 3331 1681 3404 Alberto.
1732 3331 1824 3407 Cum
1847 3349 1882 3405 et
1902 3335 1946 3404 de
1963 3329 2152 3423 Theolngo
2174 3327 2250 3398 mihi

1271 3435 1438 3506 mandata
1463 3436 1652 3518 dederitis,
1685 3436 1825 3524 iudico,
1858 3436 2027 3505 idoneum
2050 3459 2128 3505 csse
2143 3427 2243 3503 Geor·

1270 3532 1374 3626 gium
1413 3533 1613 3622 Venatum,
1654 3539 1772 3608 virum
1811 3539 1968 3608 nobilem
2004 3551 2038 3608 et
2070 3533 2249 3608 Ductorem

1273 3633 1507 3726 Theologiae,
1533 3641 1595 3732 qui
1617 3641 1687 3712 suit
1709 3641 1818 3710 lector
1841 3641 1877 3710 in
1894 3635 2023 3710 Schola
2040 3635 2257 3728 Regiomou-

1271 3751 1373 3823 tana,
1399 3754 1433 3807 et
1451 3756 1633 3828 propterea
1651 3745 1746 3835 quod
1765 3729 1959 3812 Osiandro
1975 3742 2189 3811 adversatus
2206 3749 2261 3822 est,

1272 3867 1289 3907 a
1309 3839 1406 3908 Duce
1423 3835 1584 3909 Prnssiae
1600 3843 1764 3912 dimissus
1781 3857 1851 3926 est,
1878 3857 1912 3913 et
1928 3843 2048 3914 mallet
2064 3843 2103 3910 in
2122 3837 2196 3913 hac
2213 3863 2258 3910 re-

1270 3941 1516 4028 gionevivere.
1557 3941 1623 4013 Vir
1637 3948 1752 4033 gravis
1769 3960 1799 4013 et
1818 3947 1952 4033 integer
1969 3957 2031 4018 est.
2077 3941 2260 4013 ldeoeum

1271 4045 1371 4109 uobis
1387 4047 1605 4117 cosrimendo.
1633 4043 1741 4116 Mitto
1761 4049 1912 4136 pagellas
1926 4071 2004 4114 meo
2024 4069 2136 4126 more.
2168 4043 2266 4114 Bene

1270 4142 1393 4216 valete.
1445 4141 1622 4215 Dominus
1648 4163 1766 4217 noster
1784 4147 1877 4217 lesus
1893 4143 2057 4218 Christus
2074 4149 2269 4216 crucifixus

1271 4267 1335 4332 pro
1362 4247 1465 4312 nohis
1487 4263 1520 4317 et
1544 4251 1788 4332 resuscitatus,
1821 4265 1938 4319 custos
1961 4245 2142 4318 Ecclesiae
2170 4273 2270 4330 serae,

1270 4360 1428 4434 protegat
1448 4349 1625 4424 illustriss.
1645 4351 1863 4443 Principem,
1889 4367 1921 4419 et
1936 4375 1999 4418 vos
2015 4363 2048 4418 et
2065 4345 2129 4419 has
2145 4354 2271 4441 regio·

1270 4471 1340 4517 nes.
1394 4445 1460 4518 Die
1478 4447 1657 4542 Gregorii.
1710 4451 1762 4522 De
1777 4451 1921 4522 Cometa
1938 4451 2151 4532 scribemus,
2186 4477 2272 4522 curn

1268 4549 1534 4640 deflagraverit,
1561 4553 1701 4624 videtur
1715 4557 1809 4624 enim
1827 4549 1915 4623 mihi
1934 4555 2002 4621 iam
2017 4556 2220 4630 attenuari.

1956 4649 2161 4748 Philippus.

1528 5157 1681 5246 loccis.
1713 5159 1992 5258 camerario.

1299 5347 1302 5354 .
1333 5299 1418 5374 Epist.
1432 5301 1465 5354 sd
1479 5301 1617 5362 Camerar.
1630 5321 1656 5376 p.
1663 5302 1761 5374 totaq.
1783 5299 1837 5370 (ed.
1851 5299 1941 5355 Lond.
1955 5297 2005 5356 lib.
2015 5295 2061 5354 Ν.
2079 5293 2228 5371 0ρῶίῇ

1267 5415 1351 5428 κη·-
1359 5411 1480 5426 aa*

1297 5472 1325 5527 ⁸>
1339 5469 1480 5535 Plaustri.
