4670 6168
265 267 338 346 ιω
843 267 1273 350 ur1srousauu
1320 278 1427 354 um.
1450 281 1532 360 xu.
1586 287 1718 366 1sss.
1971 247 1977 259 ’
2211 309 2266 382 ao

265 431 461 568 Q.
1069 451 1259 572 (Q
1308 463 1412 541 tegat.
1469 453 1568 526 Bene
1589 460 1668 529 vale
1689 465 1840 538 candide
1864 467 1984 542 lector.
2042 469 2148 546 Datne
2172 502 2266 551 mense

1308 547 1470 644 Augusto
1485 581 1581 630 anno
1601 557 1709 638 1553.

420 639 797 756 (commutatio
827 642 1102 758 Laagacti.)

333 818 353 886 †
372 813 412 870 Ex
423 831 517 888 apogr.
534 813 564 868 in
576 812 638 870 cod.
652 811 738 870 Paris.
756 813 792 870 D.
805 815 839 871 L.
857 815 919 873 54⁴.

470 982 654 1062 Omnibus
671 987 819 1062 lecturis
833 985 907 1062 bas
925 989 1054 1064 literas

263 1149 314 1240 S.
347 1159 393 1234 D.
450 1155 592 1228 Recitat
622 1154 785 1228 Clemens
817 1154 1082 1232 Alexandrinus
1114 1183 1255 1231 versum
1571 1183 1573 1186 ·
1631 1207 1681 1291 D
1722 1204 1758 1295 c

262 1261 453 1346 Heracliti,
478 1261 518 1329 in
533 1284 603 1355 quo
618 1261 666 1330 ait
681 1261 835 1330 describi
848 1261 956 1330 vitam
973 1257 1255 1356 philosophicam
1682 1273 1693 1294 ·
1757 1209 1962 1326 'lylrm'

263 1359 382 1441 nosse
414 1361 652 1456 πλανηθῆναι
686 1355 884 1456 διζήμενον
918 1361 1072 1458 ἔμμεναι
1106 1357 1254 1440 ἐσθλόν.
1373 1357 1531 1428 (Ε“ὓ”ῐᾶ·
1545 1360 1673 1435 chyrnei
1686 1364 1807 1434 epistota
1824 1387 1850 1436 r·
1865 1369 1952 1440 test.)

262 1469 404 1541 Laudat
425 1468 521 1536 enim
544 1466 864 1557 peregrinationem
884 1465 1045 1536 discendi
1061 1491 1164 1538 causa
1177 1491 1255 1537 sus·
1570 1517 1756 1594 Davidl.
1779 1517 1846 1598 Ch
1890 1538 1903 1598 l

262 1584 415 1664 ceptam,
443 1569 483 1636 in
505 1593 575 1662 qua
598 1581 717 1638 tamen
739 1568 914 1638 retinetur
942 1593 1082 1639 morum
1108 1571 1254 1659 integri·
1342 1629 1352 1648 ,
1850 1553 1882 1624 l‘
1914 1553 2027 1606 '⁹⁶⁶⁰'

261 1689 325 1746 tas.
376 1667 456 1740 Etsi
480 1684 600 1741 autem
622 1665 682 1739 hic
704 1671 760 1740 vir
781 1665 1050 1741 honestissimus
1066 1667 1254 1768 Hupertas
1304 1649 1351 1739 S.
1376 1663 1420 1736 D.
1470 1666 1682 1742 Doctissime
1708 1675 1764 1744 vir
1786 1691 1820 1748 et
1838 1681 2016 1753 carissime
2030 1685 2152 1760 irater.
2200 1687 2276 1760 Cum

261 1768 502 1868 Danguctus,
536 1770 772 1862 Burgundus‚
810 1773 987 1863 praeclare
1021 1776 1182 1846 eruditus
1215 1775 1253 1842 in
1303 1781 1384 1838 ante
1412 1771 1594 1841 octiduum
1628 1767 1721 1846 hanc
1756 1779 1940 1870 epistolam
1965 1779 2085 1858 Elect.
2111 1781 2277 1870 Palatini,

261 1879 356 1963 iure,
387 1875 555 1944 instruxit
577 1896 614 1942 se
637 1875 839 1963 cognitione
863 1876 1044 1946 doctrinae
1064 1890 1099 1946 et
1122 1876 1253 1947 multa·
1303 1895 1409 1963 quam
1436 1897 1533 1942 nunc
1561 1873 1629 1944 tibi
1652 1877 1777 1965 mitto,
1811 1881 1984 1956 inclusam
2013 1883 2098 1960 huic
2130 1895 2281 1984 pagellae,

261 2003 343 2050 rurn
366 1999 505 2060 rerum,
540 1975 772 2047 consideratis
795 1977 921 2046 studiis
946 1991 980 2048 et
995 1979 1107 2048 torma
1122 1979 1252 2070 guber·
1303 1973 1530 2064 accepissem,
1559 1979 1729 2068 respondi
1749 1983 1867 2055 subito
1883 1978 1943 2078 *),
1971 2013 2012 2060 ac
2033 1991 2117 2060 misi
2134 1992 2279 2065 Palatino

263 2080 422 2152 nationis
437 2079 476 2148 in
494 2077 612 2164 ltalia,
638 2075 776 2159 Gallia,
799 2076 984 2170 Hispania,
1010 2075 1153 2171 Anglia,
1179 2077 1253 2150 Da·
1303 2087 1380 2144 tuas
1395 2075 1560 2168 epistolas
1576 2079 1664 2150 duas
1677 2083 1723 2150 ad
1738 2107 1794 2154 me
1812 2087 1977 2180 scriptas,
2000 2107 2040 2164 ut
2053 2107 2151 2165 tuam
2166 2099 2282 2168 volun.

262 2185 323 2252 nia
348 2195 382 2254 et
400 2179 610 2251 Germania:
637 2194 756 2252 tanen
778 2177 846 2250 hoc
868 2203 1036 2270 magnum
1061 2185 1168 2252 decus
1187 2177 1254 2252 hac
1302 2189 1409 2246 tatem
1433 2201 1474 2246 cx
1496 2179 1547 2248 eis
1569 2199 1803 2270 cognosceret.
1869 2188 2024 2282 Scripsi,
2058 2209 2093 2267 te
2124 2201 2223 2268 malle
2249 2202 2279 2266 in

260 2305 344 2354 vcra
368 2283 474 2352 laude
497 2297 654 2372 superat,
688 2285 785 2376 quod
809 2285 849 2350 in
864 2296 916 2352 tot
931 2284 1089 2372 gentium
1105 2307 1253 2354 consue·
1304 2274 1494 2348 Academia
1508 2282 1643 2370 patriae
1658 2284 1777 2356 vivere
1794 2313 1900 2382 quarn
1913 2293 2014 2380 alibi,
2039 2299 2101 2368 sed
2117 2299 2229 2370 literas
2243 2303 2281 2370 ad

261 2387 386 2457 tudine
425 2385 574 2455 retirmit
614 2385 770 2454 nativam
817 2385 1055 2474 integritatem
1098 2410 1253 2470 morum,
1304 2393 1336 2449 te
1352 2381 1564 2452 nominatim
1577 2385 1780 2458 scribendas
1795 2414 1879 2472 esse,
1899 2407 1938 2466 ut
1954 2403 2281 2492 peterejrnissionem

260 2489 452 2570 iustitiam,
489 2486 595 2554 fidem
621 2500 655 2556 et
681 2486 891 2554 modestiam
915 2487 954 2554 in
981 2487 1080 2556 omni
1105 2489 1253 2558 actione.
1303 2482 1426 2573 possis.
1483 2480 1620 2555 Eadem
1653 2511 1777 2566 rursus
1808 2493 1879 2562 iam
1913 2499 2084 2582 scribam,
2125 2527 2201 2574 cum
2222 2489 2286 2574 iter

260 2581 510 2680 Comperimus
530 2587 625 2656 enirn
649 2583 925 2679 huiusHuperti
948 2613 1064 2658 mores
1085 2589 1196 2658 iustos
1219 2603 1252 2662 et
1302 2582 1645 2656 Francolordianum
1678 2594 1791 2662 nostri
1821 2595 1915 2666 cives
1947 2603 2169 2694 susciperent.
2232 2603 2281 2674 Ac

259 2691 417 2783 placidos
439 2712 529 2773 esse,
556 2701 589 2758 et
611 2689 773 2756 eximiam
796 2689 871 2758 eius
888 2713 960 2758 esse
975 2692 1200 2782 prudentiam
1219 2707 1253 2762 et
1302 2687 1473 2780 quicquid
1498 2689 1541 2757 de
1566 2701 1601 2759 te
1626 2691 1809 2764 literarum
1834 2720 2017 2792 accepero,
2042 2705 2186 2774 fideliter
2199 2707 2279 2772 mit-

259 2795 538 2864 moderationem
565 2791 603 2857 in
626 2793 725 2860 omni
747 2791 884 2876 officio,
909 2807 943 2864 et
966 2793 1252 2884 indictisetpa.
1302 2799 1385 2861 tam.
1438 2785 1576 2860 Tamen
1597 2815 1677 2862 cum
1700 2788 1791 2866 hanc
1813 2799 1996 2890 epistolam
2009 2799 2176 2874 Palatini
2186 2806 2274 2894 lege-

257 2895 323 2966 ctis
343 2895 460 2968 fidem.
511 2889 674 2986 Cumque
696 2893 804 2963 fuerit
820 2894 924 2963 nobis
939 2894 1015 2964 eius
1030 2895 1250 2966 familiaritas
1301 2890 1367 2975 ris,
1400 2903 1434 2960 tc
1460 2891 1576 2983 ipsum
1599 2917 1638 2963 re
1656 2897 1848 2970 deliberata
1866 2905 1910 2972 ad
1927 2907 2116 2998 principem
2130 2907 2274 2978 scribere

257 2997 430 3080 iucunda,
464 2995 622 3087 quiade
653 2995 847 3066 multorum
881 2997 1102 3068 eruditorum
1123 2998 1250 3068 studiis
1301 2991 1466 3082 optarim.
1517 2990 1580 3063 Me
1598 3021 1742 3092 quoque
1758 3000 1798 3070 in
1815 3006 1966 3092 patriam
1983 3009 2100 3080 vocari
2113 3010 2225 3092 rides,
2249 3021 2286 3078 et

256 3113 292 3169 et
312 3097 517 3180 sententiis,
552 3110 587 3166 ct
612 3098 656 3166 de
678 3098 826 3166 aliarum
851 3101 1009 3190 gentium
1035 3101 1195 3170 moribus
1216 3116 1250 3172 et
1300 3093 1383 3186 quia
1407 3095 1500 3164 bella
1522 3119 1589 3166 nos
1613 3099 1765 3190 migrare
1789 3122 1934 3195 cogent,
1969 3135 2049 3182 cum
2071 3105 2156 3182 hine
2177 3113 2286 3180 disce-

256 3199 394 3291 legibus
409 3200 521 3270 multa
537 3199 645 3288 digna
660 3200 862 3289 cognitione
875 3222 1020 3270 narrare
1036 3215 1168 3292 potest:
1197 3215 1249 3273 ta·
1300 3197 1457 3266 (lendum
1481 3197 1567 3284 θῐῖῑ,
1593 3200 1733 3272 decrevi
1753 3205 1792 3274 in
1807 3209 1957 3298 patriam
1974 3213 2167 3304 proficisci,
2194 3215 2224 3282 si
2238 3213 2286 3280 si-

255 3327 340 3372 men
361 3303 474 3370 multo
496 3301 636 3370 dulcior
654 3301 724 3370 snit
745 3315 890 3390 propter
910 3303 1249 3392 morumintegrita-
1299 3322 1401 3382 vam,
1427 3311 1489 3370 aut
1512 3323 1587 3370 non
1610 3302 1695 3372 belli
1711 3308 1856 3380 saevitia
1869 3313 2063 3407 opprimar,
2115 3315 2216 3386 Haec
2231 3341 2286 3384 noa

256 3418 341 3473 tem.
391 3399 495 3470 Hanc
518 3409 634 3470 autem
657 3401 841 3491 epistolam
865 3402 899 3470 ei
919 3403 1019 3486 dedi,
1044 3417 1078 3472 et
1093 3417 1135 3472 ut
1150 3406 1249 3475 testi·
1299 3412 1369 3468 stra
1385 3401 1543 3490 pericula
1559 3399 1636 3473 Deo
1651 3413 1874 3498 commendo,
1897 3416 1980 3508 quia
1994 3432 2047 3487 est
2059 3411 2286 3517 xapdsoyra'e

256 3501 419 3574 monium
442 3502 536 3593 apud
558 3525 638 3570 eum
654 3515 746 3574 extet
759 3501 1025 3572 benevolentiae
1040 3527 1119 3594 erga
1133 3506 1247 3596 ipsum
1300 3519 1405 3592 στης,
1429 3514 1464 3570 et
1477 3503 1541 3572 scit
1557 3529 1646 3598 quae
1663 3533 1740 3580 mea
1757 3535 1896 3606 semper
1909 3517 1947 3586 in
1965 3512 2021 3590 his
2038 3523 2152 3592 tantis
2170 3523 2286 3592 consu,

256 3628 371 3692 meae,
398 3617 431 3675 et
454 3627 498 3672 ne
521 3603 608 3696 quid
633 3603 845 3694 suspicionis
857 3597 883 3696 ¹)
906 3605 1032 3674 itinera
1055 3606 1131 3676 eius
1151 3609 1248 3676 adle-
1298 3601 1460 3671 sionibus
1486 3605 1652 3677 voluntas
1671 3611 1788 3686 fuerit.
1851 3615 1949 3688 Bene
1969 3621 2045 3692 vale
2069 3636 2104 3692 et
2131 3623 2286 3695 rescribe

256 3721 347 3782 rant.
398 3705 481 3776 Non
505 3705 601 3774 enim
622 3727 744 3794 regum
767 3706 909 3794 negotia
934 3707 1153 3794 circumfert,
1186 3713 1246 3780 sed
1297 3701 1365 3773 Die
1386 3703 1444 3774 17.
1461 3700 1623 3796 Augusti.
2285 3707 2286 3736 ¹

257 3807 465 3880 Academias
485 3807 675 3900 perlustrat
698 3819 732 3876 et
754 3831 834 3878 cum
856 3809 944 3876 viris
966 3810 1077 3878 doctis
1091 3811 1247 3905 colloqui
1864 3883 1877 3914 Ι
1988 3821 2204 3922 Philippus.

255 3911 384 3984 studet·
441 3905 495 3980 Ac
523 3933 619 3978 nunc
653 3905 881 3980 Academiam
913 3907 1182 3983 Cracoviensem
1213 3929 1247 3986 et
2285 3987 2286 4022 ,

256 4011 498 4082 Viennensem
528 4011 691 4081 accedere
719 4013 884 4086 decrevit.
943 4009 1035 4084 Cum
1057 4013 1166 4104 igitur
1189 4010 1246 4086 hic
1298 4011 2286 4084 “““·”“““““·-“·-·-------,

254 4113 437 4210 llupertus
452 4125 486 4184 ct
502 4111 547 4182 sit
564 4113 620 4180 vir
636 4108 805 4184 honestus
822 4139 861 4184 ac
877 4117 1056 4202 eruditus,
1076 4131 1110 4188 et
1125 4141 1245 4188 causas
1296 4165 1329 4236 N
1378 4165 1479 4242 5454

254 4213 421 4290 honestas
441 4213 736 4308 peregrinationis
760 4211 905 4302 habeat,
931 4221 1141 4290 commendo
1163 4245 1244 4290 eum
1304 4194 1492 4294 ,θέρμ’
2124 4209 2193 4270 ¹⁷·
2215 4205 2286 4292 Aup

253 4321 420 4391 omnibus
443 4317 548 4388 bonis
564 4315 669 4396 viris,
696 4329 729 4386 et
745 4339 827 4402 oro,
851 4331 892 4388 ut
907 4341 987 4388 enm
1004 4321 1171 4391 adversus
1186 4323 1245 4390 in·
1355 4336 1363 4352 ’
2118 4295 2286 4324 *⁶²⁴*

253 4421 382 4492 iuriam
405 4421 607 4492 defendant.
657 4415 749 4488 Nam
773 4432 807 4488 ct
830 4419 905 4510 ipse
926 4420 1003 4489 iura
1018 4415 1164 4512 hospitii
1177 4417 1245 4492 ho·
1604 4373 1735 4490 emp·
1764 4378 1979 4492 Aquilae·

254 4537 351 4596 necte
370 4539 489 4596 tuetur
505 4515 549 4616 ²).
602 4517 683 4590 Scio
700 4516 867 4590 honestos
882 4535 917 4591 et
931 4522 1121 4612 prudentes
1136 4525 1244 4609 viros,
1362 4541 1437 4606 etz
1454 4561 1547 4618 apogr.
1566 4545 1595 4602 ts
1615 4549 1684 4606 cot.
1702 4551 1788 4608 Parta.
1806 4553 1957 4611 1).t,⁵s⁸.

252 4623 318 4694 ubi
340 4649 532 4716 paucorum
555 4623 696 4694 dierum
720 4621 975 4691 consuetudine
989 4647 1106 4692 mores
1120 4639 1153 4696 et
1170 4649 1244 4696 ser·
2285 4689 2286 4698 ,

251 4748 376 4794 mones
389 4725 463 4795 eius
479 4723 792 4808 consideraverint,
818 4747 881 4792 sno
896 4723 1029 4794 iudicio
1045 4719 1113 4794 hoc
1126 4751 1243 4795 meum
1294 4707 1507 4812 Casparo
1533 4717 1753 4820 Aquilae,
1779 4723 1935 4804 Pastori
1949 4731 2154 4812 Ecclesiae
2176 4745 2286 4828 Dei,

253 4826 496 4898 testimoninm
521 4826 814 4920 comprobaturus
830 4847 922 4908 esse,
947 4839 981 4894 et
995 4825 1148 4896 libenter
1165 4826 1246 4899 ltu·
1606 4824 1741 4923 oppido
1755 4826 1963 4910 Salveldia.

251 4941 392 5023 portum
417 4927 456 4994 in
480 4927 754 4998 familiaritatem
780 4925 996 4996 admissuros
1020 4951 1107 4996 csse.

253 5043 371 5102 autem
396 5028 510 5098 filium
526 5025 611 5112 Dei,
645 5029 827 5100 custodem
842 5023 1021 5098 Ecclesiae
1043 5051 1164 5122 snaep
1228 5069 1244 5081 -

253 5131 429 5224 ganemu
452 5141 487 5198 et
510 5129 699 5214 exulantis,
724 5144 764 5202 ut
784 5143 819 5200 et
832 5123 929 5202 bunc
943 5125 1146 5224 Huperturn
1161 5155 1245 5224 pro-

1295 4951 1344 5038 S.
1371 4965 1417 5042 D.
1467 4965 1675 5046 Reverende
1697 4979 1752 5050 vir
1768 4993 1803 5052 et
1816 4985 1994 5058 carissime
2009 4989 2136 5068 freter.
2210 4995 2286 5076 Nul

1295 5091 1363 5138 vor
1384 5067 1565 5142 ardentior
1586 5099 1744 5172 unquam
1767 5083 1806 5152 in
1829 5087 1928 5157 coelo
1951 5101 1986 5159 et
2000 5089 2038 5159 in
2054 5105 2166 5168 terra
2192 5111 2286 5182 aud

1296 5181 1365 5254 cst,
1393 5193 1498 5264 quam
1519 5181 1673 5268 precatio
1689 5183 1754 5254 filii
1769 5181 1837 5323 Dp·
1853 5187 1891 5258 in
1908 5211 2040 5282 agone,
2064 5197 2106 5264 in
2131 5227 2230 5294 qua
2252 5233 2286 5284 0,

2285 5317 2286 5352 l

253 5285 481 5306 Μ

288 5363 318 5430 l)
335 5354 524 5422 entremenis,
546 5369 679 5426 apognsr
692 5355 800 5412 nendo.

285 5463 315 5532 η
337 5459 408 5518 ω.
425 5466 545 5516 ΜΠ.
1330 5401 1499 5531 Ἲοὲειηέιῖ
1513 5408 1699 5552 ἲᾶῖῗεΑὶυῖε
1712 5413 1836 5540 epistole.
1872 5421 2019 5480 coeternas
2033 5429 2088 5486 vicl.
2102 5449 2166 5505 ep.
2187 5443 2235 5496 ad
2254 5443 2286 5504 Μ
