4720 6170
131 250 177 328 97
702 237 1135 322 Ertstonatttttt
1188 245 1294 325 LlB.
1325 247 1409 332 Xll.
1465 248 1596 335 1553.

134 433 216 494 tates
230 415 354 490 leniat.
408 412 557 499 Detuis
575 427 614 499 et
634 415 678 485 do
700 414 778 508 ipsa
803 413 1000 505 Noriberga
1021 415 1124 488 valde

135 547 210 596 sum
228 519 396 592 solicitus.
450 516 591 592 Scribas
613 518 723 608 igitur
745 517 884 611 quoties
908 512 1057 588 habebis
1073 531 1127 588 ta-

135 622 314 699 bellarios.
369 618 475 690 Hanc
499 621 681 712 epistolam
705 611 910 714 Lasana¹)
930 619 1030 702 dedi,
1064 643 1126 710 per

141 747 249 820 quem
268 722 393 794 scribes
415 743 546 810 genero
574 736 609 794 et
632 722 735 790 filiae.
783 719 905 792 Hodie
930 721 1052 792 literas
1083 745 1124 792 ex

143 827 232 900 urbe
249 823 377 897 Vienna
401 845 525 894 recens
548 823 696 914 scriptae
717 823 775 892 die
790 821 880 898 Maii
895 836 1040 916 quarto,
1067 846 1125 892 ac-

147 927 302 1019 cepimus.
359 923 468 998 Nune
490 925 633 1018 quidem
662 919 781 994 Tarci
801 925 999 1018 quiescunt.
1052 923 1123 994 Sed

143 1023 296 1120 vicina')
311 1025 526 1116 gubernatio
545 1029 631 1098 duas
642 1049 697 1096 res
712 1027 907 1098 contrarias
921 1025 1028 1096 simul
1043 1026 1124 1115 agit,

135 1129 286 1222 postulat
299 1141 341 1198 ut
357 1130 445 1204 dent
460 1129 644 1218 pecuniam
660 1141 695 1200 et
709 1140 833 1219 gerant
847 1127 1121 1208 bellurncontra

133 1229 270 1304 Turtos
294 1227 481 1318 Hungasi,
515 1230 609 1302 etin
630 1227 798 1302 Ecclesiie
825 1251 916 1323 quae
937 1228 1124 1299 nobiscum

130 1330 308 1415 sentiunt,
331 1330 550 1422 recipiantur
565 1343 702 1402 veteres
721 1323 995 1422 εἰδωλομανίαι.
1050 1327 1123 1398 lm-

130 1436 259 1527 pendet
274 1433 378 1514 finis,
405 1455 445 1502 ae
460 1429 577 1505 Deum
593 1457 675 1518 oro,
701 1447 742 1504 ut
763 1431 869 1504 nobis
888 1431 992 1514 assit,
1019 1443 1055 1500 et
1070 1433 1124 1500 af·

127 1537 293 1613 futurum
317 1557 391 1604 esse
411 1557 486 1604 nnn
513 1535 649 1610 dubito.
699 1533 809 1606 Mitto
831 1534 934 1603 vobis
958 1533 1123 1622 pagellas,

128 1653 160 1715 et
200 1638 356 1706 salutern
392 1648 477 1726 opto
518 1635 620 1706 vohis
651 1637 787 1710 omnib.
844 1633 935 1706 Nam
970 1634 1124 1706 scribere

129 1739 260 1832 plurib.
278 1759 354 1806 non
371 1737 482 1828 potui.
534 1735 630 1808 Bene
646 1739 722 1816 vale
746 1734 906 1810 XXllll.
923 1734 1024 1808 Maii.

871 1849 1071 1975 Philippus.

737 2206 741 2217 '
866 2321 869 2328 .
956 2265 1013 2328 29.
1035 2253 1120 2320 listi.

944 2345 1116 2378 Μ

139 2255 202 2328 Νο.
218 2253 326 2331 6897.

143 2351 307 2382 *m

408 2451 475 2538 Μ.
506 2449 844 2564 Meiereberrgio.

225 2613 314 2685 epae.
333 2611 383 2670 aa.
397 2613 430 2667 r.
447 2631 474 2684 ρ.
488 2609 537 2666 ear
556 2629 599 2682 eq.

126 2765 378 2844 dliclaae'li
411 2765 767 2866 Meienbargia,
811 2759 973 2844 CansaH
1002 2770 1123 2850 Nart-

548 2864 707 2942 hasano.

125 3007 172 3093 S.
202 3022 247 3096 D.
299 3019 556 3092 Honestissime
581 3019 657 3106 vir,
690 3034 726 3092 et
761 3020 872 3091 amice
905 3014 1119 3094 charissime.

127 3125 196 3196 Dei
213 3121 386 3194 beneficio
401 3121 495 3192 lilius
513 3133 605 3190 recte
624 3121 736 3206 valet,
751 3135 786 3192 et
801 3122 915 3192 discit.
965 3119 1015 3196 Et
1027 3118 1120 3194 Aca-

125 3227 265 3298 demiae
278 3223 477 3318 frequentia
492 3221 680 3292 mediocris
693 3235 754 3293 est.
808 3218 887 3293 Oro
907 3223 1019 3294 filium
1040 3221 1120 3307 Dei,

123 3345 163 3402 nt
185 3343 222 3400 ct
243 3327 420 3418 gubernet
450 3325 585 3408 studia,
619 3336 653 3394 et
676 3325 812 3395 tribuat
834 3320 890 3394 his
915 3325 1119 3414 regionibus

125 3453 261 3522 pacem.
314 3425 416 3498 Hanc
432 3425 616 3518 epistolam
632 3427 749 3496 scribo
766 3425 824 3495 die
839 3425 902 3499 29.
917 3425 1026 3510 Maii,
1047 3453 1117 3521 quo

123 3547 208 3604 ante
225 3551 342 3600 annos
361 3541 501 3598 centum
526 3539 624 3618 capta
641 3539 692 3596 est
706 3525 1058 3620 Constantinopolis,
1085 3543 1119 3598 et

123 3653 275 3724 pronus
290 3631 445 3702 deletum
463 3641 514 3702 est
532 3627 725 3719 imperium
744 3626 974 3706 Graecorum.
1025 3627 1117 3700 Cum

122 3735 237 3828 igitur
251 3731 330 3801 dies
345 3755 400 3800 me
417 3733 624 3802 admoneret
637 3731 680 3798 de
700 3726 842 3800 Turrici
855 3728 972 3820 Regni
998 3729 1117 3802 incre·

121 3836 278 3919 ruentis,
301 3831 434 3902 maiore
449 3855 527 3902 curn
547 3831 670 3901 dolore
686 3831 816 3901 scelera
832 3833 1022 3902 detestatus
1039 3853 1117 3902 sum

119 3961 272 4019 eorum,
297 3933 360 4027 qni
380 3935 451 4002 iam
468 3933 624 4003 lacerant
639 3929 816 4024 Patriam,
843 3945 879 4003 et
901 3929 1039 4004 Turcos
1062 3947 1118 4004 at-

120 4037 288 4110 trahunt.
339 4033 409 4106 Sed
424 4028 710 4104 teneamushano
732 4033 1031 4120 consolationem,
1055 4033 1113 4105 Fi-

2129 264 2178 338 98

1178 413 1372 496 Now&

1185 512 1356 550 *Ν
2003 531 2169 568 Μ

1513 625 1563 711 U.
1594 625 1870 714 Mordiaiao.
2010 671 2014 689 ·

1264 777 1341 850 ‘llis
1359 779 1528 854 autographo
1547 781 1577 835 in
1596 783 1659 837 eorl.
1680 779 1762 839 Goth.
1780 781 1844 839 879.
1862 783 1911 840 fol.
1929 781 1973 844 88.

1177 931 1392 1032 Magnifica
1422 935 1590 1010 Domina
1626 927 1867 1014 Canceliario
1905 939 2168 1020 Illustraitsinri

1176 1033 1364 1139 Principis
1387 1037 1509 1114 Deuca
1532 1037 1727 1116 Saxam'ae
1754 1041 1958 1132 Electoris,
1979 1057 2041 1120 eta.
2071 1046 2113 1120 V
2110 1049 2167 1122 ina

1152 1137 1323 1218 ¹clariss.
1348 1140 1403 1218 D.
1430 1141 1471 1216 U
1479 1141 1598 1215 laica
1623 1141 1884 1236 Mardisin,
1908 1145 2068 1222 Daotari
2098 1147 2167 1222 Ire-

1177 1240 1252 1329 ris,
1275 1241 1489 1316 ‚eruditione
1521 1253 1552 1318 et
1583 1245 1713 1318 virtute
1742 1251 1972 1345 praestanti,
2005 1261 2165 1352 patrona

1593 1345 1753 1420 colenda.

1177 1479 1226 1568 S.
1253 1493 1299 1564 D.
1350 1495 1541 1588 Magnifice
1565 1501 1599 1572 d.
1617 1495 1854 1588 Cancellarie,
1879 1513 1914 1571 et
1935 1515 2083 1592 patrone
2104 1529 2165 1574 co-

1175 1599 1292 1670 lende.
1349 1598 1451 1671 Hanc
1478 1601 1660 1694 epistolam
1687 1601 1768 1672 dedi
1791 1593 1974 1672 Plateano
2007 1603 2065 1673 die
2100 1606 2163 1681 29.

1175 1697 1285 1785 Maii,
1311 1726 1381 1796 quo
1397 1717 1478 1772 ante
1493 1727 1606 1772 annos
1623 1717 1763 1774 centum
1781 1719 1879 1797 capta
1895 1717 1946 1775 est
1958 1701 2163 1778 Constanti·

1107 1839 1112 1850 ·
1176 1803 1317 1898 nopolis
1331 1818 1363 1872 et
1379 1803 1540 1874 fonditus
1555 1805 1711 1874 deletum
1729 1803 1921 1898 Imperium
1931 1803 2162 1879 Graecorum.

1175 1901 1278 1974 Nunc
1303 1903 1374 1974 ruit
1400 1919 1434 1974 et
1456 1901 1721 1976 Germanicum.
1773 1907 1843 1978 Sed
1868 1923 2048 1980 teneamus
2070 1905 2162 1982 hanc

1176 2005 1471 2094 consolationem,
1487 2007 1598 2076 filium
1610 2005 1675 2080 Dei
1693 2024 1915 2080 servaturum
1933 2031 2007 2080 esse
2025 2011 2161 2106 aliquas

1176 2129 1258 2174 strae
1283 2103 1458 2180 Ecclesiae
1488 2109 1657 2202 reliquias
1679 2110 1784 2180 etiam
1808 2111 1902 2183 inter
1926 2109 2163 2206 Imperiorurn

1175 2209 1306 2282 ruinas.
1360 2209 1501 2300 Quaeso
1525 2223 1565 2280 ut
1588 2203 1768 2282 Plateani
1790 2215 2023 2288 calamitatem
2046 2217 2164 2284 consi-

1176 2311 1321 2398 deretis3
1365 2323 1400 2382 et
1432 2335 1537 2408 quam
1570 2327 1724 2390 astutum
1759 2307 1887 2387 habeat
1919 2317 2161 2409 adqersarium

1174 2413 1281 2485 scitia.
1963 2412 1979 2447 '¹

1276 2514 1329 2586 De
1360 2509 1558 2606 theologico
1593 2513 1772 2587 conventu
1811 2515 1897 2610 quid
1938 2521 2163 2610 responderit

1173 2610 1448 2710 Landgravias
1480 2619 1569 2688 scire
1610 2617 1733 2710 cupio,
1771 2620 1837 2688 etsi
1868 2641 1992 2712 spero,
2025 2622 2160 2713 placere

1176 2721 1417 2811 principibus,
1440 2745 1485 2790 ne
1499 2719 1559 2790 fiat
1575 2717 1828 2812 conventus¹).

1273 2821 1364 2891 Duri
1387 2821 1574 2892 Prassiaco
1608 2823 1686 2890 seni
1712 2817 1863 2891 Aiberto
1889 2821 1959 2890 iam
1982 2833 2064 2890 ante
2090 2836 2161 2894 tres

1174 2922 1387 3011 septimanas
1411 2935 1516 2992 natus
1539 2918 1755 3016 estlilius²).
1816 2921 1916 2992 Bene
1948 2935 1984 2994 et
2011 2923 2161 2996 feliciter

1173 3023 1301 3099 valete,
1324 3023 1381 3092 die
1394 3025 1455 3098 29.
1470 3022 1573 3093 Maii.

1679 3135 1870 3234 Philippus
1885 3135 2109 3212 Melanthea.

1181 3525 1249 3621 No.
1266 3523 1379 3600 5899.

1179 3623 1392 3662 ἢ

1489 3725 1555 3813 lo.
1577 3725 1840 3812 Dracaniti.

1270 3883 1293 3954 †
1315 3883 1352 3940 Er
1366 3901 1460 3956 apogr.
1478 3883 1506 3938 in
1519 3881 1582 3940 ead.
1596 3881 1681 3938 Paris.
1696 3881 1730 3938 D.
1742 3881 1774 3936 1..
1790 3883 1824 3936 51
1833 3887 1856 3936 ³.

1168 4036 1381 4114 Reverendo
1396 4039 1492 4126 viro,
1518 4033 1722 4110 eruditione
1744 4049 1775 4110 et
1800 4039 1930 4111 virtute
1949 4041 2159 4138 praestanti

125 4141 214 4210 lium
227 4137 301 4210 Dei
322 4136 491 4231 reliquias
503 4131 682 4208 Ecclesiae
705 4135 798 4206 inter
819 4129 884 4206 has
904 4137 1027 4207 ruinas
1043 4134 1117 4207 lte-
1158 4142 1224 4214 D.
1256 4141 1283 4214 1
1289 4139 1435 4213 oanni
1466 4138 1783 4226 Draconitae,
1824 4137 1966 4213 doctari
1993 4136 2157 4212 Theola-

131 4263 279 4328 goorurn
305 4251 528 4310 servaturum
551 4259 636 4312 este.
695 4234 777 4308 Mes
805 4237 932 4310 misera
959 4237 1116 4308 coniunx

128 4342 288 4435 qnotidie
308 4339 466 4412 luctatur
488 4363 571 4410 cum
590 4351 714 4410 morte.
766 4335 834 4408 Sed
859 4361 960 4410 mens
981 4338 1117 4428 integra

122 4456 162 4513 et
178 4442 374 4538 tranquilla
388 4453 449 4512 eet.
497 4439 767 4514 Commiseratio
783 4433 871 4516 mihi
887 4463 1035 4532 magnos
1052 4442 1118 4512 do-

119 4545 217 4616 lores
229 4545 360 4618 adfert.
410 4539 482 4614 sse
499 4539 576 4612 Deo
592 4563 657 4612 nos
673 4543 971 4616 commendemus.
1018 4540 1117 4614 Bene

117 4661 155 4718 et
171 4647 334 4720 feliciter
348 4643 473 4717 valete.
525 4643 592 4716 Die
607 4641 675 4718 29.
688 4640 788 4718 Maii.

737 4786 751 4877 ‚¹
766 4783 784 4805 ''
864 4767 1066 4866 Philippus.

160 5075 421 5142 Μετώπη
434 5061 736 5147 Μὴιοῶηύωζέ
770 5113 775 5122 .

159 5157 522 5229 ἣλιήιθὶ.ίίιἯ.·
581 5187 621 5209 0¹·
701 5185 708 5195 ·

171 5487 355 5554 Μιιυτι.
378 5485 479 5552 Oen.
507 5483 590 5550 Vos..
605 5479 696 5548 Vlll.

1167 4245 1272 4341 giae,
1298 4243 1430 4316 rectori
1450 4242 1611 4340 inclytae
1626 4237 1847 4312 Academiae
1864 4237 2155 4325 Rastoahianae,

1402 4344 1522 4416 amica
1536 4369 1604 4416 sno
1622 4343 1731 4414 veteri
1743 4353 1774 4414 et
1792 4344 1921 4416 caries.

1170 4481 1218 4572 S.
1240 4493 1285 4568 D.
1337 4493 1547 4567 Reverendo
1570 4495 1626 4564 vir
1648 4509 1681 4566 et
1705 4491 1886 4584 nragnilice
1906 4491 2061 4564 Domine
2082 4491 2155 4566 Re·

1171 4613 1258 4674 ctor.
1309 4593 1505 4692 Aliquanto
1524 4597 1641 4668 minus
1656 4597 1823 4666 deformis
1837 4609 1886 4664 est
1899 4590 2076 4679 Ecclesia,
2091 4598 2156 4666 do·

1171 4702 1288 4771 necin
1304 4691 1647 4770 Academiisbarum
1671 4697 1855 4788 regionum
1878 4707 1912 4764 et
1935 4720 2001 4764 vox
2024 4695 2157 4768 doctri-

1170 4827 1237 4872 nae
1258 4813 1359 4872 sonat
1379 4801 1519 4879 eadem,
1544 4811 1577 4868 et
1600 4814 1722 4870 mutua
1747 4806 1797 4866 est
1818 4794 2022 4870 docentium
2048 4799 2156 4868 bene-

1170 4904 1337 4975 volentia.
1396 4899 1498 4971 Hanc
1528 4898 1812 4970 coniunctionem
1844 4912 1999 4968 nostram
2024 4901 2095 4972 scio
2122 4915 2155 4972 te

1173 5079 1399 5095 *ἡ*

1207 5167 1234 5231 1)
1253 5161 1509 5220 Conventne'l'laeol
1547 5155 1866 5212 staunfordiam.
1884 5153 1943 5214 lon.
1963 5155 2101 5222 habendus
2122 5159 2155 5210 de

1239 5230 1497 5288 controversieOrie
1537 5229 1604 5282 rior.
1641 5225 1704 5279 vta.
1716 5225 1792 5296 epist.
1808 5243 1839 5280 ee
1852 5225 1885 5282 de
1899 5243 1928 5280 re
1939 5227 2050 5294 ampo,
2071 5245 2154 5298 quem

1240 5319 1321 5374 supra
1336 5317 1429 5355 menae
1443 5295 1531 5371 Aprili
1545 5293 1678 5350 derllmur.

1206 5403 1235 5467 2)
1255 5401 1382 5456 Albertur
1396 5397 1566 5458 tridentus.
1585 5403 1662 5451 netur
1677 5411 1750 5450 aona
1766 5391 1841 5450 1858.

1384 5471 1408 5540 ’1
