4792 6186
114 273 133 292 “
246 307 323 386 ua
828 289 1264 374 arrsronanuu
1313 291 1535 380 mnxn
1589 295 1723 378 csse.
2210 295 2296 368 aaa

245 481 311 556 tto.
325 475 444 555 5976.
1296 489 1355 542 eae
1372 471 1670 562 gubernationem
1686 485 1908 568 praeparant.
1960 469 2014 544 Ac
2037 469 2230 564 praecipue
2254 469 2293 538 in
2355 500 2356 556 t

1295 573 1385 643 viris
1402 575 1586 648 nobilibus
1605 571 1692 647 haee
1709 601 1791 646 cura
1810 599 1976 666 magnum
1994 577 2102 644 decus
2119 588 2181 644 est.
2218 569 2293 642 lta-

563 673 630 760 Ῑθ.
664 670 929 756 ΜαίἰῙιθείο.
1296 677 1442 770 quevir
1466 673 1755 762 honestissimus,
1797 691 1900 747 natus
1926 677 1963 746 in
1987 675 2147 759 familia,
2187 673 2293 744 cuius

320 837 403 912 tepla.
423 769 712 905 tantu-ptented.
732 827 1074 904 nond.tib.1lep.87,p
1296 777 1466 850 nobilitas
1491 793 1591 850 vetars
1615 793 1686 864 est,
1719 771 1937 848 Ioarlaimus
1956 803 1980 847 a
2003 771 2147 870 Berge,
2183 775 2291 843 lande

250 579 463 614 Μ
1070 563 1243 600 m

1297 881 1427 969 «lignus
1446 895 1515 966 est,
1538 883 1601 975 qui
1629 885 1672 951 ad
1698 883 1834 972 generis
1850 883 1957 951 decus
1973 874 2058 948 hacc
2075 893 2291 946 ornamenta

456 989 512 1068 D.
533 983 746 1061 Iohanni
769 981 1043 1062 Mattdesio
1297 981 1453 1062 addidit,
1487 983 1677 1068 iustitiam,
1716 997 1751 1054 et
1782 995 1935 1053 caeteras
1969 982 2118 1052 virtutes
2153 1003 2294 1062 omnes,

1297 1083 1548 1156 convenientes
1570 1086 1647 1154 viro
1668 1081 1837 1170 honesto,
1862 1099 1897 1155 et
1919 1083 2162 1172 cognitionem
2189 1078 2295 1154 luris.

1298 1182 1462 1279 Cumque
1477 1186 1582 1270 sciat,
1597 1189 1822 1280 praecipuam
1841 1200 1875 1257 et
1890 1185 2042 1254 maxime
2053 1184 2294 1254 necessariam

1299 1287 1467 1358 virtutem
1494 1311 1568 1358 esse
1590 1285 1706 1358 Deam
1730 1302 1823 1358 recte
1845 1289 2026 1356 iuvocare:
2055 1284 2221 1356 studiose
2242 1285 2295 1354 di-

1299 1389 1387 1458 dicit
1418 1389 1658 1482 incorruptam
1680 1387 1861 1461 Ecclesiae
1887 1390 2108 1470 doctrinam,
2143 1410 2295 1480 eamque

1301 1490 1357 1582 pie
1376 1503 1412 1560 et
1425 1503 1627 1562 constanter
1641 1493 1876 1584 amplectitur.
1927 1487 1976 1561 Et
1990 1489 2101 1560 aniani
2123 1487 2291 1578 pietatem

1305 1615 1387 1662 vera
1404 1592 1648 1676 invocatione,
1673 1592 1711 1662 in
1735 1593 1916 1681 agnitione
1939 1605 1972 1662 et
1995 1591 2126 1660 fiducia
2143 1585 2291 1660 Domini

1302 1693 1417 1764 nostri
1444 1693 1470 1766 l.
1494 1691 1556 1775 C.‚
1583 1708 1618 1764 et
1639 1694 1685 1763 iis
1699 1695 1892 1766 virtutibus
1907 1692 2095 1784 exprimit,
2121 1715 2210 1784 quas
2232 1691 2290 1760 li-

1303 1792 1455 1866 liusDei
1479 1820 1564 1866 voce
1585 1791 1773 1886 Evangelii
1798 1810 1833 1867 ct
1856 1794 1992 1887 Spiritu
2017 1807 2138 1864 sancto
2160 1793 2198 1860 in
2227 1793 2284 1875 iis,

161 1175 179 1192 ν
253 1133 302 1222 S.
327 1143 370 1216 D.
423 1141 634 1214 Reverende
655 1140 712 1210 vir
731 1153 765 1210 et
785 1134 989 1210 charissime
1004 1143 1131 1230 frater,
1155 1139 1247 1216 Com

253 1250 435 1316 videamus
454 1246 626 1338 quosdam
644 1257 779 1314 veteres
796 1241 927 1312 amicos
952 1245 1112 1340 undique
1128 1260 1248 1338 capta-

253 1377 292 1420 re
312 1349 512 1418 ‹iccasioncs
526 1346 637 1434 magis
656 1343 873 1414 dilacerandi
900 1357 1039 1416 nostras
1064 1343 1250 1432 Ecclesias,

255 1475 324 1522 nus
345 1449 634 1519 coniunctionem
664 1461 820 1516 nostram
846 1446 980 1516 maiore
1008 1449 1126 1518 studio
1150 1462 1249 1520 tuea-

255 1576 351 1624 mur.
413 1549 524 1620 Valde
551 1549 660 1640 igitur
693 1547 846 1640 expetivi
881 1547 1100 1644 colloquium
1135 1565 1251 1637 tuom,

239 1681 297 1726 ·ac
313 1652 483 1724 libentius
500 1643 677 1748 Lipsiam
695 1649 871 1742 proiectus
887 1673 984 1736 snm,
1010 1653 1094 1746 quia
1114 1663 1150 1722 te
1171 1677 1252 1746 spe-

256 1757 335 1828 ravi
359 1756 565 1824 adlntnrnm
592 1775 677 1824 esse.
737 1743 1015 1850 Stenclaseldius
1038 1755 1253 1827 nominatim

260 1873 383 1930 contra
399 1880 457 1924 me
476 1856 647 1946 scriptum
666 1853 780 1924 edidit
802 1853 846 1922 de
864 1851 1254 1928 diiudicationeNori-
1328 1897 1684 1988 ,liipwminvofflm
1728 1898 1889 1970 accendi,
1952 1893 2276 1966 Talesvfmsnobff·

263 1953 441 2052 hergensi.
495 1945 637 2026 Gallus
654 1955 692 2022 in
710 1955 788 2048 ripa
804 1949 902 2024 Isiri
916 1957 959 2026 de
974 1957 1088 2028 libero
1103 1959 1253 2029 arbitrio
1304 1924 1356 2068 ἷζε
1379 2000 1417 2067 in
1447 1953 1705 2090 gubernatio&
1730 1999 1861 2070 munos
1890 1949 1964 2066 ‘esse
1998 1998 2189 2090 optandum
2220 2009 2280 2068 ts,-

260 2063 550 2132 dicimrmecum
576 2080 749 2148 pugnam
776 2061 939 2128 mudum
964 2060 1039 2128 Vidi
1065 2060 1141 2130 ⁰³⁰⁸
1165 2061 1255 2130 mi*
1304 2097 1454 2172 Etcum
1481 2099 1577 2172 Deus
1602 2115 1803 2172 servaturus
1828 2103 1874 2171 sit
1896 2095 2094 2172 Ecclesiam
2142 2102 2289 2186 'speran-

260 2181 374 2254 ptum.
427 2157 552 2230 Dicam
570 2185 683 2228 ineam
704 2159 915 2255 sententiam
935 2159 1088 2232 fideliter
1110 2175 1144 2232 et
1170 2163 1256 2232 sim-
2102 2149 2116 2183 ’

265 2263 423 2356 pliciter,
450 2275 484 2332 et
503 2261 633 2330 indicia
653 2258 792 2352 piorum
810 2275 843 2332 et
863 2263 1052 2334 doctorum
1071 2263 1111 2330 in
1129 2261 1254 2332 Eccle-

265 2369 315 2436 sia
342 2365 495 2434 audiam.
554 2359 646 2432 Cum
672 2363 811 2432 rediero
836 2365 984 2432 domum
1017 2364 1156 2434 mittam
1191 2366 1258 2435 tibi

264 2467 418 2559 pagellas
440 2478 562 2533 nostro
588 2487 705 2548 more,
737 2477 772 2534 et
798 2463 1060 2580 enarrationem
1077 2461 1262 2582 Epistulae

267 2563 441 2640 1)αωίὃά
459 2559 657 2634 R⁰man⁰⁸
679 2565 841 2656 mipme'
892 2553 1057 2662 cumn
1075 2561 1259 2636 Eb‘mm
1310 2607 1435 2678 etesiae
1453 2631 1554 2692 snae,
1581 2621 1623 2678 ut
1638 2603 1735 2678 hunc
1754 2611 1871 2679 virum
1888 2605 2047 2676 nobilem
2064 2601 2092 2674 Ι
2092 2599 2294 2675 pachimum

267 2667 575 2790 ⁰9⁰5r⁸⁵⁸f¹v³¹di
593 2666 755 2736 delectati
778 2691 911 2741 mmm·
964 2663 1042 2738 om
1061 2682 1178 2787 ‘sutem
1199 2667 1261 2739 Fi'
1311 2703 1472 2804 chrge
1491 2709 1682 2800 gubernet,
1707 2723 1742 2780 ct
1759 2712 1864 2781 saciat
1883 2733 1962 2779 enm
1978 2713 2112 2788 σκεῦος
2130 2707 2250 2789 ἐλέους
2267 2720 2295 2776 et
2367 2700 2368 2782 i

268 2777 361 2842 laum
376 2767 443 2839 Der
459 2765 655 2838 Dominum
675 2783 839 2840 nostrum
861 2765 975 2838 lesum
991 2765 1194 2856 Christum,
1221 2785 1262 2843 ut
1311 2833 1484 2900 organum
1520 2812 1672 2882 ,almare
1703 2837 1787 2882 mae
1819 2813 1960 2882 amne
1994 2824 2029 2880 e,
2055 2809 2294 2902 Reipublicae·
2367 2805 2368 2824 .

268 2872 438 2946 Ecclesiis
461 2864 589 2940 harum
617 2867 803 2959 regionam
824 2870 936 2952 adsit,
964 2885 998 2942 ct
1022 2895 1079 2942 eas
1100 2885 1263 2964 potenter
1312 2909 1583 3006 „memmiae
1626 2911 1904 2985 CalendisMafi
1950 2909 2058 2982 Anno
2078 2909 2188 2988 ¹556

272 2988 388 3045 servet
406 2988 440 3043 et
455 2973 647 3062 gubernet,
671 2988 704 3042 et
720 2972 783 3042 tibi
801 2973 893 3042 vires
916 2973 1026 3042 animi
1052 2987 1086 3044 et
1103 2976 1262 3068 corporis
1590 2967 1601 2999 ’
1912 2968 1923 2999 ²
2189 2967 2198 2987 ·

273 3079 469 3146 confirmet.
521 3071 669 3148 Calend.
687 3073 786 3148 Maii.
1836 3059 2028 3156 Philippus
2042 3061 2254 3184 Melanthea

428 3197 431 3202 -
1903 3189 2014 3236 numu
2036 3191 2199 3258 propria.

1306 2205 1488 2285 domest,
1520 2203 1707 2273 seminaria
1736 2204 1854 2296 aliqua
1877 2203 1915 2270 in
1945 2201 2093 2270 familiis
2118 2199 2279 2268 nobilium

1307 2303 1390 2374 talia
1413 2319 1558 2396 propter
1574 2303 1721 2374 Politias
1743 2317 1963 2374 servaturum
1987 2327 2072 2376 esse.
2128 2295 2216 2372 Oro
2239 2325 2282 2369 au-

1309 2419 1378 2474 tem
1400 2403 1532 2474 Filium
1552 2403 1641 2491 Dei,
1666 2405 1862 2476 Dominum
1888 2417 2047 2474 nostrum
2068 2400 2097 2476 l.
2115 2399 2163 2474 C.
2193 2403 2289 2474 cruci-

1310 2507 1417 2574 fixum
1440 2531 1505 2598 pro
1527 2507 1652 2597 nobis,
1678 2521 1714 2577 et
1740 2508 2001 2590 resuscitatum,
2027 2507 2221 2576 custodem
2236 2503 2292 2574 Ec-

600 3655 947 3798 Testimonium,

347 3839 384 3892 lla
401 3845 511 3897 autogr-a
533 3833 567 3886 bo
583 3833 686 3885 editum
702 3829 730 3884 in
744 3830 1011 3908 Philophilipporum
1024 3833 1190 3892 ttetemione
1197 3833 1265 3889 Phi·
1661 3763 1713 3849 G·
1723 3807 1727 3816 ’
1739 3762 1964 3848 Fabricio·

383 3905 448 3980 lippi
464 3905 511 3958 Me
525 3901 649 3956 anthonio
664 3919 693 3972 p.
707 3899 748 3956 tt.
768 3901 882 3974 (Luna.)
1423 3921 1509 3996 Epist.
1528 3921 1577 3975 lib·
1591 3922 1630 3975 v..
1645 3939 1673 3992 p·
1687 3921 1786 3996 mul·

476 4067 662 4145 Omnibus
683 4071 829 4146 lecturis
851 4069 923 4148 Itos
942 4074 1072 4149 literas
1182 4045 1184 4052 .
1315 4144 1318 4150 .
1372 4053 1577 4171 Georgio
1610 4071 1854 4160 Fabricio,
1885 4071 2122 4169 gubernanti
2155 4073 2270 4150 schol.

725 4177 823 4250 S.D.
1183 4185 1185 4192 '
1717 4172 1904 4248 Miratus.

280 4317 486 4422 Utrumque
503 4323 677 4419 praedixit
699 4349 767 4394 vox
784 4325 926 4407 divina,
954 4329 993 4398 in
1013 4323 1080 4398 hac
1101 4326 1271 4418 languida
1323 4315 1534 4408 clarissime
1560 4329 1633 4410 vir,
1667 4343 1701 4398 et
1724 4321 1869 4400 chariss.
1893 4327 2013 4398 frater.
2073 4323 2135 4398 Eo
2163 4331 2314 4424 Lipsiam

284 4447 318 4502 et
352 4431 464 4502 delira
490 4427 618 4498 mundi
644 4440 782 4496 senecta
812 4440 845 4496 et
865 4429 1002 4500 suturas
1024 4453 1098 4499 esse
1121 4431 1273 4500 maiores
1324 4433 1501 4524 proiectus
1523 4455 1601 4499 sum
1625 4429 1813 4512 libentius,
1850 4430 1945 4522 qnod
1970 4443 2172 4524 tequoqne
2192 4438 2318 4502 adren-

283 4533 422 4624 geucris
440 4527 589 4602 humani
607 4528 850 4611 contusiones,
877 4555 984 4621 qnam
997 4533 1141 4603 luerunt
1155 4547 1273 4617 autea,
1326 4551 1445 4604 turum
1462 4557 1535 4601 esse
1549 4533 1742 4624 sperabam.
1793 4525 1885 4600 Cum
1901 4531 2044 4625 quidem
2063 4555 2145 4602 non
2163 4559 2232 4628 ego
2248 4549 2320 4604 tan·

286 4651 456 4707 ettamen
476 4633 504 4701 F
507 4633 607 4700 ilium
625 4628 692 4698 Dei
711 4644 807 4700 certo
822 4633 1053 4704 collecturum
1073 4657 1146 4704 esse
1159 4647 1273 4704 aeter·
1325 4649 1424 4718 tum,
1451 4638 1509 4704 sed
1528 4633 1631 4703 etiam
1650 4633 1711 4719 alii
1730 4631 1833 4702 multi
1855 4631 2075 4724 colloquium
2092 4647 2209 4706 tnurn
2226 4659 2322 4728 expc-

288 4761 371 4806 nam
397 4733 591 4806 Ecclesiam
619 4755 704 4800 voce
734 4727 943 4823 Evangelii,
978 4749 1013 4806 et
1047 4758 1122 4804 non
1154 4735 1274 4819 aliter,
1327 4749 1417 4810 tant.
1469 4733 1559 4805 lussi
1580 4734 1691 4824 igitur
1713 4727 1809 4802 hunc
1831 4731 2086 4803 adolescentem
2109 4733 2322 4810 Rosvtnen-

288 4835 394 4908 etiarn
419 4837 511 4905 inter
542 4834 774 4923 imperiorum
809 4836 952 4919 ruinas,
984 4838 1097 4906 donee
1124 4836 1275 4909 mortuis
1320 4861 1401 4907 'sem
1421 4831 1492 4906 hue
1512 4839 1696 4920 accedere,
1722 4847 1763 4905 ut
1785 4857 1865 4904 eum
1889 4834 2046 4917 videres,
2073 4847 2106 4904 et
2131 4839 2324 4918 iudicares,

288 4935 494 5008 hominibus
517 4927 685 5004 omnibus
709 4935 816 5004 vitam
840 4937 1018 5024 restitnet;
1053 4962 1093 5006 ac
1117 4953 1275 5010 servatu—
1328 4938 1539 5009 anactassit
1554 4937 1681 5008 idonea
1702 4937 1747 5006 ad
1765 4935 1943 5006 docendos
1968 4935 2060 5003 lilios
2078 4937 2154 5007 viri
2186 4943 2325 5020 nobilis,

289 5063 370 5110 rum
392 5061 465 5105 esse
487 5038 605 5130 aliqua
629 5034 806 5105 Ecclesiae
829 5033 999 5132 hospitia:
1033 5039 1179 5132 vultque
1210 5062 1275 5109 nos
1330 5043 1372 5109 dc
1402 5065 1473 5133 qno
1497 5039 1680 5130 scripsisti.
1741 5035 1882 5120 Mores,
1916 5034 2004 5121 scio,
2038 5059 2114 5108 esse
2140 5035 2325 5112 honestos.

287 5139 387 5212 Deus
403 5135 467 5207 hac
481 5161 541 5228 spe
559 5139 736 5228 suscipere
753 5139 910 5224 labores,
937 5153 974 5214 et
996 5141 1034 5218 iu
1048 5141 1276 5234 propagatio·
1330 5139 1419 5210 Nam
1445 5143 1620 5233 specimen
1651 5139 1843 5210 modestiae
1866 5149 1900 5208 et
1927 5131 2142 5220 tolerantiae
2176 5145 2325 5235 dignum

289 5266 334 5312 ne
358 5239 561 5320 doctrinae,
593 5251 626 5308 et
661 5240 698 5306 in
727 5243 1103 5314 communibus'vitae'
1142 5243 1276 5315 officiis.
1331 5243 1436 5311 laude
1451 5243 1542 5336 apud
1562 5262 1627 5312 nos
1640 5241 1795 5314 ostendit
1811 5237 1905 5330 apud
1920 5233 2084 5324 fratrem,
2109 5243 2182 5312 ubi
2208 5247 2325 5314 insua-

291 5341 498 5432 QuareDeo
524 5352 621 5430 grata
642 5355 693 5410 est
714 5363 836 5411 eornm
863 5346 1048 5429 voluntas,
1072 5345 1137 5438 qui
1161 5344 1276 5414 studia
1332 5341 1421 5414 viter
1445 5357 1612 5415 tractatus
1634 5356 1696 5416 est.
1747 5334 1796 5412 Et
1811 5351 1905 5409 recte
1923 5341 2046 5410 doctus
2067 5355 2119 5412 est
2133 5343 2179 5413 in
2198 5343 2326 5416 Gram-

291 5445 474 5516 doctrinae
498 5466 573 5514 nou
597 5441 789 5530 abiiciunt,
815 5445 948 5540 quique
970 5470 1006 5517 se
1027 5447 1071 5516 ad
1087 5443 1277 5538 Reipubli-
1331 5445 1474 5527 matica,
1495 5443 1705 5526 Dialectica,
1731 5437 1987 5529 Arithmetica,
2005 5437 2168 5516 Musica.
2219 5447 2325 5536 Saepe
