4792 6186
159 288 235 372 ste
723 279 1160 368 EPISTOLARUM
1209 278 1433 368 ntuxu
1486 280 1624 362 1656.
2124 283 2201 371 660
2331 346 2336 373 ,

160 553 206 622 de
232 573 343 644 usque
365 553 410 620 ab
431 551 552 636 initio,
579 551 692 620 donec
707 544 864 618 Ecclesia
888 547 926 616 in
947 541 1014 616 hac
1031 541 1152 616 homi·
1204 570 1269 623 uec
1299 545 1495 616 ambitione
1521 549 1565 616 de
1588 559 1710 618 nostra
1730 543 1843 636 gloria
1868 545 2094 632 dimicemus,
2129 570 2195 618 nec

159 675 249 724 num
266 652 473 722 infirmitate
489 651 686 742 colligitur,
713 650 753 720 in
770 649 833 720 illo
853 672 983 720 arcano
1001 647 1151 718 consilio
1203 648 1477 734 obtrectatione,
1511 673 1576 720 nec
1599 646 1910 740 suggillationibus
1925 647 2008 717 odia
2023 647 2195 720 incenda-

160 754 358 830 divinitatis
379 755 518 830 assidue
540 754 730 846 repetitur,
757 775 798 824 ae
815 775 912 822 nunc
928 774 1070 845 quoque
1085 773 1151 843 pro
1205 775 1293 838 miss,
1319 753 1378 820 sed
1394 750 1439 822 sit
1455 752 1492 820 in
1508 751 1699 822 iudicando
1710 751 1861 822 candor:
1885 745 2069 840 Quaedam
2087 751 2192 822 etiam

160 855 267 928 nobis
283 869 426 926 aeterno
447 856 536 946 patri
551 856 775 947 proponitur.
1203 854 1385 924 communi
1408 853 1606 926 infirmitati
1629 854 1890 938 condonemus,
1915 866 1976 922 aut
1990 850 2019 920 si
2035 875 2194 922 necessa-

264 955 337 1028 Nee
356 973 441 1030 strnt
463 958 562 1028 irrita
587 951 673 1028 haec
696 970 798 1041 vota,
831 966 867 1024 et
890 953 1035 1046 copulat
1056 951 1152 1026 Deus
1203 957 1257 1026 ria
1282 955 1423 1027 videtur
1445 957 1666 1044 admonitio,
1697 955 1835 1048 placide
1851 953 2192 1035 admoneanturilli,

158 1059 303 1154 piorum
326 1059 481 1130 animos:
515 1061 576 1128 sed
594 1060 672 1130 vult
697 1059 735 1130 io
752 1057 857 1128 nobis
874 1056 979 1126 etiam
993 1057 1151 1126 studium
1203 1058 1334 1152 quibus
1358 1057 1530 1150 inspectio
1544 1055 1723 1130 Ecclesiae
1742 1058 1988 1128 commendata
2010 1067 2072 1126 est.
2121 1054 2195 1126 De-

159 1185 236 1234 esse
258 1163 408 1232 tuendae
429 1161 711 1248 coniunctionis,
737 1173 773 1232 et
796 1159 1018 1232 concordiae.
1069 1157 1150 1230 Non
1204 1161 1313 1254 nique
1338 1161 1580 1233 discernamus
1603 1161 1708 1233 etiam
1731 1153 1868 1246 hostes,
1900 1172 1934 1230 et
1956 1157 2067 1243 cives,
2091 1182 2194 1252 prae·

158 1264 303 1358 copulat
326 1263 471 1337 illorum
496 1278 656 1355 pectora,
685 1262 746 1358 qui
771 1262 931 1331 volentes
955 1274 1016 1330 ant
1033 1261 1153 1331 frenos
1203 1263 1334 1334 liemur
1364 1287 1445 1338 cum
1478 1257 1657 1351 hostibus;
1697 1263 1791 1334 cives
1816 1261 1994 1346 infirmos,
2035 1253 2103 1330 hoc
2129 1275 2193 1342 est,

159 1367 281 1438 laxant
296 1365 442 1456 privatis
458 1366 662 1452 affectibus,
688 1363 888 1448 ambitioni,
914 1374 948 1432 ct
964 1362 1067 1443 odiis,
1092 1376 1153 1434 aut
1204 1365 1354 1456 collegas
1365 1365 1403 1434 in
1420 1367 1540 1436 eadem
1558 1389 1640 1436 vera
1654 1359 1832 1452 Ecclesia,
1863 1377 1924 1436 aut
1938 1361 2075 1458 placide
2091 1385 2194 1432 sane·

159 1469 324 1552 levitate,
350 1492 390 1538 ac
406 1469 601 1562 petulantia
618 1468 861 1560 ingeniorum,
888 1479 924 1535 et
938 1465 1152 1547 curiositate,
1205 1491 1303 1550 mus,
1329 1480 1390 1536 aut
1402 1468 1578 1558 sapienter
1594 1467 1796 1547 toleremus.

160 1597 203 1644 ac
226 1571 453 1664 perversitate
474 1585 637 1656 naturae,
662 1572 883 1640 delectantur
898 1568 993 1638 ludis
1009 1569 1152 1660 opinio·
1305 1567 1459 1640 Pericles
1482 1563 1718 1660 reprehensus
1741 1581 1812 1650 est,
1838 1567 1934 1662 quod
1951 1563 2090 1638 omissis
2105 1565 2193 1636 civi-

160 1697 270 1759 num,
294 1667 504 1764 sophistica,
530 1687 565 1744 et
580 1673 677 1750 rixis.
1204 1670 1285 1742 tatis
1306 1665 1487 1762 hostibus,
1512 1671 1712 1742 incurreret
1737 1670 1776 1740 in
1790 1669 1942 1752 amicos,
1966 1667 2191 1762 praestantis-

266 1771 310 1846 ln
327 1772 457 1862 Saule,
489 1777 527 1844 in
549 1773 635 1846 loab
658 1776 758 1846 ardet
779 1773 939 1844 ambitio.
989 1765 1048 1841 'lli
1070 1795 1151 1842 curn
1204 1773 1312 1842 simos
1345 1773 1456 1844 cives:
1507 1771 1599 1844 Nam
1631 1769 1817 1845 Cimonem
1851 1795 1892 1842 ex
1924 1772 2015 1842 urbe
2047 1769 2194 1862 expulit,

161 1877 307 1956 doleant
329 1877 398 1947 sibi
423 1879 512 1948 alios
535 1878 722 1962 anteferri,
747 1890 782 1946 et
799 1875 899 1970 quasi
918 1873 1050 1965 gloriae
1069 1898 1154 1946 snae
1205 1869 1407 1968 Ephialtem
1430 1875 1535 1946 etiarn
1562 1875 1646 1946 dolo
1670 1897 1811 1946 necasse
1829 1873 2007 1944 scribitur.
2057 1869 2193 1944 Contra

163 1979 402 2066 circumfundi
426 1981 610 2066 tenebras,
652 1979 777 2050 tollere
799 1977 880 2048 illos
906 2001 925 2048 e
949 1977 1068 2046 medio
1092 2002 1154 2048 co·
1205 1977 1339 2048 laudati
1363 1991 1445 2048 sunt
1469 1972 1748 2062 Themistocles,
1784 1971 1978 2060 Aristides,
2009 1969 2194 2059 Camillus,

168 2095 308 2155 uantur.
1206 2077 1357 2162 Fabius,
1382 2077 1524 2172 Scipio,
1556 2081 1652 2174 quod
1678 2079 1855 2148 sociorum
1878 2075 2066 2147 ambitioni
2083 2099 2194 2146 cesse-

267 2179 309 2252 ln
326 2175 562 2274 Achitophel,
586 2183 624 2252 in
651 2179 810 2270 Semeia,
841 2178 981 2252 etiarnsi
1003 2179 1073 2272 ipsi
1097 2203 1154 2251 re·
1206 2196 1308 2264 runt,
1339 2195 1374 2252 et
1395 2181 1544 2250 iniurias
1568 2205 1587 2250 a
1613 2180 1750 2250 civibus
1773 2194 1931 2271 acceptas
1951 2178 2088 2270 placide
2103 2179 2195 2248 tule-

167 2306 273 2376 gnnm
295 2307 360 2355 nec
382 2301 545 2380 sperant,
577 2309 643 2356 nec
658 2297 849 2378 appetunt,
879 2298 998 2354 tamen
1015 2283 1153 2354 aliisde
1206 2298 1301 2356 runt.
1366 2279 1414 2353 Et
1439 2284 1626 2353 universae
1657 2281 1809 2352 civitatis
1831 2277 1970 2354 Atticae
1997 2277 2194 2350 moderatio

165 2387 295 2458 caussis
315 2386 447 2457 iniusta
472 2389 554 2459 odia
570 2412 714 2458 accensa
728 2402 828 2474 sunt,
854 2387 984 2480 quibus
1000 2385 1154 2457 incitau·
1206 2386 1340 2478 proluit
1363 2386 1427 2456 toti
1452 2384 1640 2470 Graeciae,
1674 2385 1769 2480 quod
1795 2384 1950 2477 primum
1973 2383 2016 2452 ad
2037 2377 2196 2452 Artemi·

162 2501 240 2570 tur,
269 2503 310 2561 ut
339 2504 520 2578 ruentem,
554 2504 726 2586 quantum
755 2503 923 2582 possunt,
955 2487 1153 2582 impellant.
1206 2490 1297 2561 sium
1343 2487 1445 2558 cessit
1491 2511 1666 2558 summam
1707 2487 1848 2578 imperii
1888 2483 2194 2556 Lacedaemoniis:

162 2587 360 2684 Utriusque
379 2591 1154 2686 generisexemplanonrarasuntomnibus
1208 2587 1344 2661 Deinde
1368 2593 1411 2660 ad
1431 2587 1587 2676 Platcas,
1622 2613 1703 2660 cnm
1721 2585 1876 2660 Arcades
1902 2587 2020 2657 locum
2038 2585 2194 2678 priorem

161 2693 397 2784 temporibus.
1206 2694 1274 2766 sibi
1307 2693 1417 2764 tribui
1449 2705 1626 2783 peterent,
1663 2693 1924 2784 responderunt
1949 2683 2195 2760 Athenienses.

269 2791 344 2878 Qui
365 2794 473 2882 igitur
493 2789 623 2868 borum
646 2796 836 2868 affectuum
859 2793 1086 2874 ambitionis,
1120 2807 1156 2864 et
1206 2793 1288 2866 Nou
1321 2789 1390 2862 hoc
1423 2807 1580 2885 tempore
1612 2796 1656 2863 de
1683 2793 1761 2863 loco
1788 2792 1978 2862 seditiones
2003 2792 2196 2869 movendas

160 2891 240 2962 odii
262 2891 421 2964 flammas
442 2919 515 2964 nou
536 2899 681 2968 student
701 2897 938 2985 restinguere,
965 2888 1003 2962 hi
1021 2907 1102 2964 vota
1120 2907 1155 2964 et
1206 2918 1298 2980 esse,
1331 2897 1390 2963 sed
1413 2894 1618 2986 ubicunque
1641 2896 1921 2977 collocarentur,
1945 2916 1982 2962 se
2001 2891 2197 2962 anuisurcs

161 2992 319 3086 gemitus
342 2993 407 3063 filii
421 2995 488 3064 Dei
510 2991 678 3068 horribili
698 3001 818 3067 furore
835 3008 1090 3087 aspernantur,
1114 3017 1154 3065 ac
1207 3018 1298 3076 esse,
1331 3011 1372 3064 ut
1391 2995 1457 3064 viri
1476 2996 1562 3064 boni
1586 3008 1719 3080 cuent,
1745 2987 1867 3088 πάντη
1889 2989 2104 3092 τεταγμένοι
2119 3017 2197 3063 ner-

160 3096 375 3190 procedunt.
404 3095 543 3170 Deinde
561 3101 605 3168 ad
621 3091 685 3169 has
699 3097 904 3170 tribunitiae
918 3109 1020 3176 artes,
1047 3119 1155 3190 quae·
1207 3087 1402 3192 pqodpn‘ln
1423 3091 1516 3170 elnon
1541 3091 1708 3190 χρηρτοὶ.
1767 3093 1816 3168 Et
1838 3111 1921 3166 nota
1946 3109 1997 3164 est
2015 3109 2115 3164 vetus
2133 3093 2197 3164 ad-

161 3209 253 3268 sunt
275 3220 412 3268 caussas
432 3199 661 3290 plausibiles,
692 3216 734 3274 ut
757 3199 843 3269 olim
869 3211 970 3272 erant
985 3195 1156 3288 Agrariae
1207 3199 1359 3270 monitio
1374 3201 1418 3268 de
1432 3198 1685 3294 Syucretismo.

161 3297 277 3392 leges,
309 3313 343 3370 et
367 3323 479 3372 novae
502 3304 643 3373 tabulae
650 3343 666 3392 5
696 3303 838 3392 fingunt
860 3300 1077 3386 calumnias,
1101 3323 1157 3371 se-
1310 3299 1447 3372 llluftos
1474 3316 1591 3372 antem
1620 3301 1775 3370 vidimus
1797 3293 1853 3372 his
1879 3297 2005 3388 viginti
2032 3297 2135 3368 annis
2158 3297 2195 3366 in

160 3415 252 3472 runt
266 3401 494 3494 suspiciones,
521 3405 690 3476 muniunt
702 3428 738 3476 sc
751 3402 978 3489 factionibus,
1003 3416 1038 3476 et
1048 3403 1157 3474 variis
1207 3395 1376 3473 Ecclesiis
1398 3404 1545 3484 nostris,
1576 3403 1638 3497 qui
1660 3403 1801 3472 omissis
1822 3400 2071 3473 communibus
2084 3393 2198 3470 hosti·

161 3515 299 3574 acuunt
313 3505 519 3576 rumoribus
539 3505 628 3594 iras,
653 3522 766 3578 astute
788 3515 823 3575 et
836 3506 929 3598 ipsas
944 3527 1083 3578 caussas
1099 3529 1160 3577 ar·
1208 3507 1294 3590 bus,
1330 3505 1469 3598 privato
1492 3505 1619 3576 affectu
1643 3505 1682 3574 in
1704 3505 1873 3594 collegas,
1898 3501 2091 3598 etquidem
2109 3501 2199 3572 ami-

162 3617 287 3688 rnant,
312 3618 348 3678 et
370 3601 582 3702 sophistica,
609 3627 643 3682 et
658 3607 827 3680 Pericleis
847 3605 1062 3680 fulminibus
1077 3631 1159 3678 ver·
1209 3632 1290 3694 cos,
1322 3631 1450 3698 magua
1471 3609 1661 3678 acerbitate
1683 3607 1886 3676 animorum
1910 3606 2080 3696 impetum
2106 3605 2198 3674 fece-

162 3707 310 3808 ¹horum.
1210 3725 1306 3783 rttnt.
1359 3708 1412 3780 lta
1437 3709 1534 3782 velut
1550 3708 1719 3784 Cadmaei
1741 3709 1865 3780 fratres
1888 3707 2063 3778 internos
2079 3705 2200 3778 infeli·
2304 3791 2307 3799 Ι

268 3803 378 3882 Extat
397 3807 490 3880 liber
503 3807 620 3880 editus
633 3823 714 3882 ante
730 3810 1021 3908 quinquennium
1038 3809 1158 3885 direr-
1210 3813 1298 3884 citer
1320 3813 1540 3882 dimicamus·
1608 3811 1690 3901 Qua
1715 3810 1752 3878 in
1775 3834 1813 3880 re
1835 3809 1989 3900 primum
2016 3822 2200 3902 praecepta

164 3909 215 3984 sis
238 3909 407 3996 inlotis,
440 3911 485 3982 de
499 3903 714 4002 Magistratu
731 3915 898 4008 politico,
921 3915 998 3986 sine
1012 3913 1159 3986 numine
1211 3915 1333 3986 divina
1355 3915 1398 3984 de
1423 3913 1612 3984 concordia
1632 3911 1889 3984 consideranda
1910 3923 2026 3982 erant:
2060 3907 2200 3982 Deinde

17 4023 25 4037 '
57 4025 62 4030 ’
166 4013 322 4098 sutoris,
357 4035 561 4106 quanquam
583 4017 784 4104 arrogantis
807 4031 967 4088 autorem
991 4017 1159 4091 ostendit.
1211 4032 1245 4088 et
1267 4015 1510 4085 misericordia
1526 4011 1705 4084 Ecclesiae
1722 4013 1856 4084 moveri
1874 4036 2078 4084 nosomnes
2093 4035 2201 4104 opor-

169 4111 286 4186 Huius
310 4111 396 4184 libri
411 4109 610 4186 Exordium
635 4129 689 4186 est
705 4111 792 4187 hoe:
822 4111 1013 4216 Quotquot
1034 4109 1160 4188 Anete-
1211 4117 1298 4198 tuit,
1331 4141 1421 4211 quae
1444 4130 1496 4188 est
1517 4115 1675 4186 saucium
1701 4129 1738 4186 et
1761 4139 1905 4206 aegrum
1927 4138 2074 4207 corpus,
2100 4113 2200 4182 euius

167 4237 239 4292 nus
267 4212 492 4313 seripserunt
520 4209 564 4288 de
586 4211 905 4313 Magistratidus,
941 4239 1067 4290 omnes
1093 4225 1159 4288 nui
1211 4219 1360 4290 vulnera
1391 4219 1520 4310 magis,
1561 4217 1618 4288 vel
1659 4217 1799 4309 privetu
1830 4217 1936 4301 odio,
1976 4216 2032 4286 vel
2064 4213 2200 4306 ingenii

165 4311 272 4393 nilsil
298 4311 545 4402 intellexisse,
582 4327 652 4392 aut
683 4317 838 4418 turpiter
855 4327 1065 4392 assentator
1087 4341 1161 4392 esse
1211 4321 1447 4392 ostentatione
1463 4321 1637 4406 lacerare,
1660 4343 1788 4410 magna
1805 4318 1994 4390 erudelitas
2011 4331 2073 4391 est.

164 4414 420 4518 Principibus.
485 4419 576 4492 Tale
597 4416 794 4494 Exordium
819 4423 864 4492 ad
887 4423 1060 4515 populum
1085 4446 1160 4493 non
1314 4419 1481 4514 Pingitur
1504 4419 1664 4496 Ecclesia
1690 4422 1729 4492 in
1755 4421 1890 4492 viatore
1913 4419 2043 4490 saucio.
2093 4415 2202 4488 Hunc

164 4537 311 4604 tautum
336 4523 520 4592 classicum
543 4536 613 4609 est,
637 4523 699 4594 sed
721 4523 828 4618 plane
850 4537 956 4615 caput
969 4521 1162 4614 Gorgonis,
1213 4523 1457 4598 Samaritanus
1479 4527 1636 4598 molliter
1655 4519 1754 4596 vehit
1773 4523 1812 4592 in
1836 4521 2094 4606 diversorium,
2126 4543 2199 4589 non

164 4650 242 4722 quo
257 4638 444 4718 conspecto
459 4639 648 4698 vertuntur
659 4627 766 4698 multi
781 4627 821 4698 in
835 4625 1008 4720 scopulos.
1059 4624 1162 4700 Reli·
1214 4627 1251 4696 in
1279 4629 1541 4714 carnificinam,
1574 4641 1636 4698 aut
1660 4627 1698 4696 in
1722 4624 1903 4710 latomias,
1929 4637 1963 4694 et
1988 4621 2201 4692 eutaricum

165 4728 234 4825 qni
258 4726 376 4820 operis
399 4749 537 4805 summa
561 4740 615 4802 est
639 4729 764 4812 stulta.
795 4728 903 4814 falsa,
926 4753 968 4800 ac
983 4727 1162 4804 seditiosa.
1214 4731 1324 4804 iubet.
1375 4727 1428 4802 Ac
1442 4731 1537 4800 lilius
1550 4727 1617 4800 Dei
1633 4728 1707 4822 ipse
1720 4726 1855 4822 inquit,
1877 4748 1915 4794 se
1931 4738 2064 4818 gestare
2077 4719 2202 4794 Eccle-

18 4874 25 4886 ·
134 4871 142 4895 ι
167 4831 228 4907 Ac
241 4851 382 4924 possem
399 4829 510 4900 multa
527 4831 685 4921 exempla
700 4853 990 4904 commemorare.
1214 4833 1319 4918 siam,
1352 4845 1392 4902 ut
1414 4847 1534 4924 pastor
1559 4831 1596 4900 in
1617 4829 1753 4922 gremio
1776 4825 1924 4900 tenellos
1947 4849 2057 4920 agnos
2081 4847 2203 4896 recens

272 4928 365 5004 Cum
398 4931 508 5022 igitur
537 4933 771 5004 maximarum
798 4931 1091 5004 dilacerationum
1122 4931 1163 5002 in
1213 4935 1328 5008 editos
1347 4947 1470 5024 gestat.

165 5031 343 5120 Ecclesia,
367 5045 402 5103 et
418 5035 457 5102 in
473 5033 631 5126 imperiis
647 5057 788 5104 caussae
803 5035 891 5120 sint,
914 5028 955 5106 hi
969 5035 1061 5106 caeci
1076 5033 1163 5108 affe-
1316 5033 1396 5106 Hoc
1427 5035 1591 5128 esemplq
1619 5046 1654 5106 et
1681 5054 1769 5118 nos,
1802 5043 1974 5126 quantiam
2004 5053 2204 5124 possumus,

167 5153 269 5220 ctus,
295 5131 463 5222 ambitio,
486 5149 520 5206 ct
543 5135 688 5222 odium,
713 5159 752 5206 ac
776 5136 952 5208 vindictae
979 5138 1166 5230 cupiditas,
1216 5151 1335 5210 coetus
1358 5150 1516 5224 nostros,
1547 5161 1699 5232 qnorum
1722 5133 1877 5226 profecto
1892 5157 2017 5224 magua
2035 5147 2085 5202 est
2102 5131 2203 5200 infir-

166 5240 326 5332 oppouit
354 5237 404 5308 eis
432 5237 527 5310 lilius
548 5235 616 5309 Dei
642 5231 735 5310 hanc
757 5239 1001 5328 gravissimam
1022 5240 1165 5312 concio-
1216 5241 1331 5320 micas.
1351 5240 1549 5324 foveamus,
1576 5254 1610 5310 ct
1634 5237 1898 5318 consociemus,
1925 5249 1959 5306 et
1982 5235 2205 5304 coniunctio-

169 5367 275 5416 nem:
309 5335 589 5426 Discitenme,
614 5337 704 5438 puin
719 5338 820 5415 mitis
836 5364 938 5426 sum,
962 5348 994 5410 et
1009 5333 1165 5414 humilis
1218 5367 1300 5412 uem
1323 5357 1478 5412 nostram
1501 5342 1667 5412 omnibns
1690 5340 1758 5432 piis
1777 5339 1903 5410 officiis
1934 5351 2106 5407 tueamur.
2157 5331 2206 5404 Et

170 5435 294 5518 corde.
358 5439 453 5510 Huic
483 5442 559 5510 roci
589 5443 651 5512 lilii
679 5440 747 5514 Dei
769 5445 1070 5536 obtemperemus,
1102 5469 1166 5518 nec
1218 5447 1328 5516 simus
1358 5465 1530 5514 memores
1559 5443 1781 5514 dulcissimae
1810 5437 2010 5524 coertionis,
2046 5461 2134 5534 quae
2169 5435 2207 5506 iu

1506 5539 1592 5636 ἧδ’
