4716 6174
221 223 297 296 343
802 207 1233 312 EPlSJ'OLARUM
1281 212 1387 286 LlB.
1412 213 1494 290 Xll.
1549 216 1680 292 1554.
2193 212 2273 284 stc

228 391 299 486 pho
323 416 359 462 se
382 391 447 462 toti
469 387 591 478 generi
616 380 774 456 humano
795 385 973 470 ostendet,
1011 398 1044 455 et
1078 383 1219 454 abiicict
1271 398 1306 454 et
1338 407 1401 458 sua
1432 389 1527 458 dona
1559 389 1726 480 deinceps
1759 387 1862 458 vohis
1893 385 2090 458 clementer
2119 384 2273 456 tribuat.

228 493 345 567 hostes
368 493 406 564 in
429 505 590 564 aeternos
617 486 810 570 cruciatus,
847 497 882 558 et
903 483 1097 558 Ecclesiam
1119 509 1219 557 suam
1272 485 1386 582 Saepe
1409 491 1515 560 etiam
1537 490 1659 580 legens
1673 491 1713 560 in
1730 485 1787 560 his
1800 487 1952 560 Psalmis
1967 485 2147 560 Ecclesiae
2160 502 2272 562 ae·-

229 601 381 670 adducet
401 597 448 666 ad
469 606 652 664 aeternum
676 602 828 682 patrem,
854 589 917 681 qui
933 590 1049 682 palam
1063 611 1137 660 sese
1152 613 1219 658 no·
1273 614 1374 662 mnas
1400 607 1435 664 et
1459 593 1715 686 protectionem
1748 591 1928 675 divinam,
1968 589 2112 662 intueor
2137 591 2273 660 urbem

231 703 286 772 his
300 697 525 780 monstrabit,
552 693 638 764 etio
654 715 720 762 nos
735 713 833 762 suam
849 691 977 778 lucem,
1002 691 1221 782 sapientiam,
1274 708 1425 765 vestram
1454 708 1623 788 tauquam
1655 695 1871 786 exemplum,
1905 706 1940 764 et
1970 715 2112 784 gemens
2138 715 2275 784 precor

232 803 404 873 iustitiam
439 813 472 869 et
497 796 666 867 laetitiam
693 794 927 884 transfundet.
985 789 1034 866 Et
1060 789 1119 863 hic
1146 794 1221 885 ipsc
1273 793 1408 883 Deum,
1440 812 1482 869 ut
1504 798 1730 869 difficultates
1752 797 1881 881 leniat,
1913 819 2005 889 quae
2024 818 2275 866 voscxercuc-

232 905 345 986 lilius,
377 894 484 998 λόγος
510 896 644 970 aeterni
671 896 800 988 patris,
832 890 901 966 hoc
928 898 1055 980 modo,
1087 911 1121 966 et
1147 918 1221 966 non
1274 911 1359 970 runt
1378 899 1486 989 longo
1507 901 1579 970 iam
1604 914 1772 992 tempore.
1824 897 1979 992 Fuitquc
2002 897 2276 990 velpraecipua

233 1007 346 1086 aliter,
373 1003 507 1094 colligit
522 1013 701 1072 aeternam
716 995 924 1078 Ecclesiam,
950 999 1113 1070 videlicet
1127 999 1222 1087 cogi·
1275 1025 1397 1084 causa,
1421 1027 1485 1074 cur
1502 1002 1541 1070 in
1560 997 1626 1072 hac
1642 1003 1798 1072 editione
1814 1001 1922 1074 vestri
1937 1000 2155 1072 mentionem
2171 1001 2274 1070 faee-

233 1109 366 1182 tatione
398 1101 506 1176 huius
531 1102 732 1186 doctrinae,
765 1125 855 1192 quae
880 1099 920 1168 in
947 1095 1164 1192 propheticis
1189 1115 1224 1171 et
1275 1127 1367 1190 rem,
1391 1118 1431 1174 ut
1454 1106 1659 1190 ostendam,
1690 1129 1748 1174 me
1768 1129 1852 1176 vero
1871 1105 1996 1174 dolore
2010 1101 2101 1172 affici
2119 1115 2277 1194 propter

233 1209 436 1303 apostolicis
459 1206 562 1276 libris
582 1204 711 1294 scripta
727 1215 790 1274 cst.
841 1201 998 1291 Legendi
1015 1216 1098 1274 scrut
1115 1203 1224 1292 igitur
1277 1202 1384 1278 huius
1405 1208 1505 1278 urbis
1529 1208 1705 1299 pericula,
1730 1220 1766 1278 et
1781 1231 1838 1278 me
1853 1229 1895 1278 cx
1916 1201 1973 1276 his
1986 1205 2147 1276 foutihus
2164 1205 2274 1272 vidc-

233 1312 365 1384 Psalmi
388 1323 423 1380 ct
444 1307 668 1391 illustrandi,
698 1321 734 1376 ct
754 1305 871 1374 studia
894 1305 1106 1376 discentium
1129 1306 1222 1374 invi·
1276 1309 1359 1380 licet
1373 1309 1544 1395 Psalmis,
1571 1304 1715 1380 haurire
1736 1309 2026 1380 consolationem.
2079 1303 2127 1378 Et
2150 1331 2274 1402 quan-

234 1417 340 1486 tanda
361 1425 462 1482 sunt:
494 1411 591 1504 quod
608 1407 755 1500 plurimi
770 1408 929 1476 fecerunt
945 1407 1060 1498 longis
1081 1431 1223 1478 enarra·
1277 1435 1457 1504 quampro
1474 1426 1589 1482 vestra
1603 1412 1772 1506 sapientia
1790 1426 1824 1482 et
1839 1413 1969 1506 pietate
1984 1433 2024 1480 ex
2041 1410 2169 1480 iisdem
2188 1411 2275 1478 fon-

234 1518 410 1600 tionibus,
441 1513 503 1584 alii
527 1511 676 1582 redditis
699 1509 884 1580 sententiis
909 1532 1033 1599 gracco
1056 1511 1224 1594 carmine,
1277 1514 1374 1584 tibus
1394 1515 1671 1586 consolationem
1694 1528 1729 1584 et
1749 1516 1860 1586 robur
1881 1514 2084 1584 animorum
2099 1507 2273 1582 hauritis:

234 1620 296 1692 alii
319 1619 442 1690 latino.
493 1612 626 1684 Extant
650 1635 771 1682 versus
793 1612 988 1682 dulcissimi
1004 1607 1224 1703 Apollinaris
1277 1630 1395 1687 tamen
1410 1617 1563 1687 sciebam
1573 1618 1674 1687 vobis
1688 1629 1827 1706 gratum
1844 1639 1917 1688 esse
1932 1615 2088 1686 officium
2103 1615 2270 1684 omnium

236 1736 269 1792 et
289 1722 426 1815 aliquot
443 1717 576 1788 Psalmi
600 1707 833 1786 anochimo
850 1701 1069 1784 Camerario
1092 1715 1225 1804 graecis
1278 1719 1501 1804 docentium,
1534 1721 1597 1812 qui
1618 1722 1663 1790 ad
1685 1715 1771 1790 haec
1795 1720 1871 1812 ipsa
1892 1719 2047 1790 remedia
2069 1741 2132 1787 vos
2153 1719 2265 1788 dedu.

236 1824 396 1896 versibus
409 1819 589 1912 splendidi
603 1815 752 1909 expositi
767 1831 861 1888 sunt.
913 1813 1098 1888 Eobanus
1113 1819 1223 1888 latino
1278 1835 1374 1896 cunt.
1425 1820 2083 1912 Huncigiturlaboremvobisoffero,
2105 1821 2258 1890 acsimul

235 1927 389 1998 carmine
406 1937 518 1994 totum
535 1918 684 1990 Davidis
701 1941 790 2011 opus
807 1919 984 2005 reddidit,
1011 1923 1105 2014 quod
1122 1935 1225 1991 autea
1277 1937 1352 1996 toto
1374 1937 1514 2015 pectore
1536 1949 1600 1994 oro
1617 1925 1730 1994 filium
1743 1921 1811 1994 Dei
1826 1925 2013 1996 dominum
2030 1935 2182 1992 nostrum
2201 1921 2256 1990 le-

235 2032 317 2100 fccit
339 2051 456 2098 nemo.
508 2021 644 2094 Multos
660 2021 819 2102 Psalmos
842 2035 876 2092 et
892 2015 1084 2092 Iohannes
1103 2019 1226 2116 Slige-
1278 2050 1356 2096 sum
1372 2021 1574 2108 Christum,
1608 2027 1812 2098 crucifixum
1833 2023 2259 2120 pronobisctresuscita-

237 2127 312 2199 Iius
336 2127 557 2200 ornatissime
572 2125 739 2198 reddidit.
790 2117 1226 2196 Luthcrusnontantum
1278 2142 1373 2213 tum,
1399 2131 1580 2200 custodem
1594 2125 1772 2200 Ecclesiae
1794 2152 1897 2215 suae,
1921 2127 2102 2223 quidixit:
2136 2121 2266 2196 habete

238 2231 420 2302 transtulit
442 2255 483 2300 ex
502 2225 639 2299 Ebraea
665 2228 786 2317 lingua
809 2227 988 2316 integrum
1013 2227 1225 2297 Psalterium
1280 2229 1319 2298 in
1345 2227 1444 2300 cobis
1464 2228 1580 2302 solem
1596 2239 1627 2300 ct
1640 2231 1725 2303 sitis
1740 2225 1931 2302 concordes
1948 2230 2040 2300 inter
2056 2252 2136 2316 vos,
2160 2243 2204 2300 ut
2220 2231 2267 2298 fa-

239 2337 276 2408 in
294 2333 548 2424 germanicam,
579 2333 640 2401 sed
659 2331 763 2402 etiam
781 2329 904 2400 multis
919 2327 1069 2400 Psalmis
1087 2331 1125 2400 iu
1141 2353 1226 2398 can·
1280 2333 1367 2418 ciat,
1400 2347 1441 2404 ut
1463 2357 1600 2426 semper
1622 2350 1764 2406 maneat
1779 2335 1819 2404 in
1833 2329 2001 2406 Ecclesiis
2018 2347 2051 2404 et
2065 2333 2272 2424 pectoribus

237 2439 355 2508 tilenis
372 2435 509 2506 addidit
525 2429 780 2526 paraphrasim.
1281 2435 1412 2506 nostris
1428 2436 1478 2510 sal
1493 2433 1679 2526 Evangelii
1693 2438 1862 2518 sincerus,
1885 2452 1919 2508 et
1931 2451 1973 2508 ut
1988 2437 2046 2506 det
2061 2448 2273 2528 perpetuam

340 2537 481 2610 Horum
497 2537 662 2608 voluntas
677 2546 769 2604 certe
783 2533 870 2614 fuit,
903 2529 970 2604 hoc
987 2559 1051 2606 suo
1068 2533 1226 2626 exemplo
1280 2538 1476 2609 ubertatem
1501 2540 1660 2610 fontibus
1684 2541 1785 2622 salis,
1815 2565 1904 2636 quos
1928 2563 1990 2610 sua
2012 2537 2178 2606 miranda
2196 2553 2273 2608 arte

239 2657 273 2714 ct
302 2642 425 2712 labore
451 2639 603 2709 invitare
629 2638 738 2722 alios,
780 2651 822 2708 ut
846 2637 985 2728 saepius
1012 2638 1168 2727 legerent
1194 2649 1228 2706 et
1280 2641 1324 2709 ad
1346 2641 1560 2712 necessarios
1581 2636 1819 2712 humanorum
1836 2661 2025 2734 corporum
2042 2661 2127 2710 usus
2143 2641 2273 2710 condi·

238 2740 664 2834 cogitareutPsalmorum
680 2739 893 2822 doctrinam,
918 2739 1226 2810 commonefactio-
1280 2743 1350 2813 dit:
1393 2745 1451 2814 cui
1470 2741 1628 2814 Domino
1650 2759 1772 2815 nostro
1797 2743 1878 2814 lesu
1897 2740 2061 2824 Christo,
2099 2744 2272 2813 crucifixo

238 2871 319 2931 nes,
353 2844 646 2916 comminationes
670 2857 704 2912 et
724 2841 994 2912 consolationes.
1055 2841 1146 2912 Nam
1168 2865 1226 2912 ar·
1279 2869 1344 2936 pro
1360 2847 1465 2918 nobis
1483 2860 1516 2916 ct
1532 2849 1738 2918 resuscitato
1753 2849 1799 2918 sit
1816 2831 1894 2916 lau'l
1912 2847 2149 2936 etgratiarum
2167 2847 2272 2924 actio,

236 2961 401 3037 gumcuta
416 2946 627 3038 multiplicia
645 2958 740 3019 scrut.
774 2941 1140 3034 Aliidocentlcgem,
1163 2943 1225 3014 alii
1279 2944 1407 3018 Amen.
1458 2945 1571 3020 Datae
1593 2951 1632 3020 in
1653 2949 1785 3022 Salinis
1807 2949 1847 3020 in
1869 2950 1946 3041 ripa
1971 2947 2092 3035 Salac,
2122 2947 2272 3022 Calend.

233 3047 486 3140 Evangelium3
521 3049 584 3118 alii
604 3061 687 3120 sunt
700 3046 869 3131 fulmina,
895 3047 1026 3140 quibus
1043 3047 1118 3138 ipse
1132 3047 1226 3116 filius
1279 3049 1400 3143 Septb,
1418 3075 1514 3122 anno
1532 3047 1641 3127 1554,

235 3153 302 3226 Dei
331 3153 412 3223 ferit
445 3151 595 3242 impios,
630 3151 691 3220 alii
723 3161 808 3220 suut
839 3150 1043 3220 suavissima
1069 3150 1225 3219 remedia

234 3255 432 3326 moestitiae
453 3253 616 3344 piorum,
647 3274 737 3345 quae
754 3252 859 3338 longe
876 3264 1045 3343 superant
1057 3249 1226 3320 Homeri-

235 3383 316 3430 cum
338 3353 532 3449 νηπενθές.
585 3353 678 3424 Nam
702 3375 786 3422 voce
802 3349 1025 3422 Psalmorum
1043 3353 1116 3443 ipse
1132 3353 1227 3422 filius
1280 3385 1334 3456 No
1370 3429 1485 3442 --
2006 3405 2026 3465 2
2054 3401 2129 3463 cels
2157 3391 2229 3474 Sept

234 3457 304 3528 Dei
335 3471 435 3528 sanat
459 3471 620 3546 pectora,
661 3453 751 3522 sicut
773 3453 891 3546 inquit
909 3451 1087 3524 Psalmus:
1130 3455 1227 3524 misit
1286 3441 1497 3523 <ow
1997 3487 2259 3526 »ον-

259 3560 386 3630 erbum
399 3579 502 3628 suurn
523 3569 558 3626 et
572 3554 711 3626 sanavit
728 3575 799 3624 eos.
1843 3595 1851 3616 .
1885 3599 1894 3614 .

235 3586 258 3633 v
339 3659 488 3730 Secutus
513 3659 623 3750 igitur
645 3656 819 3728 iudicium
834 3669 869 3728 ct
884 3659 1083 3750 exemplum
1097 3659 1226 3728 lauda·
1603 3589 1947 3708 (semmam)

237 3763 454 3832 tissimorum
479 3761 657 3842 virorum,
685 3759 818 3850 graecis
832 3760 993 3830 versibus
1007 3773 1122 3832 totum
1138 3783 1227 3852 opus
1349 3754 1497 3824 (Scaeuam
1516 3757 1625 3828 publice
1643 3757 1748 3812 affixam
1769 3757 1829 3812 'id‘
1846 3775 1928 3828 cupra
1946 3767 2008 3828 ΡΜ
2025 3755 2052 3810 ²·
2067 3755 2096 3810 ὃ·
2110 3754 2184 3810 Maii
2204 3773 2279 3808 ²³⁰⁰

237 3863 462 3934 Psalmorum
485 3864 643 3934 reddidi:
681 3885 788 3956 quam
812 3861 982 3946 feliciter,
1007 3863 1068 3934 alii
1090 3863 1227 3932 iudica·
1385 3825 1474 3894 ¹⁵⁵3')

237 3969 340 4040 hunt.
399 3963 470 4036 Sed
497 3979 615 4036 tameo
642 3967 832 4036 sententias
856 3989 936 4036 cum
959 3965 1120 4037 fontibus
1139 3989 1226 4036 coo-

238 4093 364 4160 gruere
387 4065 477 4136 scio:
513 4089 533 4136 a
556 4069 685 4159 quibus
711 4067 860 4138 discedit
880 4067 1062 4138 interdum
1083 4063 1225 4160 Apolli-

238 4173 352 4258 naris,
384 4181 523 4242 secutus
545 4192 620 4238 non
635 4165 809 4240 Ebracam
831 4169 1018 4240 lectionem
1035 4172 1095 4240 scd
1111 4167 1225 4241 Grae-
1279 4135 1469 4264 Q·
2308 4213 2309 4224 .

238 4299 327 4345 cam.
380 4270 422 4342 ld
446 4294 536 4362 opus
562 4272 646 4364 quia
668 4269 855 4362 praecipue
868 4273 993 4342 vestris
1010 4274 1110 4360 liliis,
1136 4295 1225 4365 quos
1743 4338 1752 4358 ,
1897 4339 1906 4357 ,
2308 4271 2309 4352 l

238 4373 329 4446 mihi
362 4375 578 4456 erudiendos
613 4371 902 4457 commendastis,
939 4375 1082 4464 scripsi,
1122 4375 1225 4445 vobis
1608 4337 1661 4424 P·
1693 4337 1942 4424 Vmsslmtw·

239 4473 406 4564 exhihe03
442 4501 482 4548 ac
504 4475 681 4566 specimen
704 4471 786 4542 volo
807 4495 881 4544 esse
907 4497 980 4546 non
997 4476 1113 4544 solum
1126 4499 1224 4546 meae
1348 4499 1422 4566 ssu·
1436 4499 1593 4571 apographo
1606 4498 1634 4552 in
1650 4498 1713 4554 cot.
1727 4496 1812 4552 Ριιῑι.
1825 4497 1905 4554 D.1.
1920 4497 1980 4552 ω.
2308 4493 2309 4574 t

136 4660 146 4673 ῃ
239 4579 434 4650 sedulitatis
451 4581 489 4648 iu
508 4573 576 4648 hoc
591 4599 738 4648 munere
753 4575 924 4660 docendi,
949 4578 1130 4646 sedetiam
1146 4579 1225 4670 piae

239 4679 431 4750 voluntatis
463 4703 544 4772 erga
568 4675 764 4750 Ecclesiam
796 4691 831 4747 ct
862 4699 943 4766 erga
970 4673 1061 4748 hanc
1088 4680 1224 4765 urbem,
1278 4655 1392 4732 ΠΜ
1414 4651 1556 4730 ΡΗΓΟ
1583 4651 1855 4743 Vin‘iffl'i‘h
1888 4653 2119 4750 gubernanti
2138 4663 2293 4734 Sludt'fl

239 4803 346 4874 quam
379 4797 522 4872 propter
554 4783 685 4854 multas
717 4801 837 4850 causas
862 4803 1028 4848 veneror:
1069 4780 1224 4870 primum
1506 4757 1699 4830 mmmm
1716 4759 1756 4828 ¹¹¹¹
1774 4753 2038 4832 Whfflublca·

239 4882 323 4978 quia
354 4876 549 4970 hospitium
570 4881 753 4958 Ecclesiae
779 4882 939 4973 praehet:
983 4881 1113 4950 deinde
1141 4885 1224 4975 quia
1278 4899 1326 4986 S·
1350 4911 1395 4984 D·
1446 4911 2124 4984 Doctisspmevfretclarissimefmm·
2189 4907 2309 4990 Cump

239 4987 332 5076 leges
347 4995 382 5056 et
396 4981 618 5071 disciplinam
635 5008 764 5076 magno
782 4985 904 5054 labore
919 4996 1039 5054 tuetur
1055 4997 1090 5054 et
1105 4985 1224 5055 litera·-
1280 5015 1349 5082 pam
1384 5014 1423 5080 51,
1450 5009 1616 5103 Angliam
1647 5013 1784 5084 venisse
1817 5006 2038 5110 Philippum
2066 5035 2235 5092 nmen,
2255 5019 2286 5114 ι)

240 5113 320 5158 rum
343 5083 461 5156 studia
486 5083 599 5186 iurat:
626 5087 710 5156 item
733 5087 817 5181 quia
840 5084 1013 5175 singulari
1036 5109 1223 5156 munerea
2292 5077 2301 5097 “

238 5189 316 5264 Deo
338 5199 461 5260 ornata
484 5197 535 5254 est
550 5185 650 5252 venis
665 5189 756 5258 salis.
807 5183 905 5258 Haec
919 5185 1038 5256 omnia
1056 5213 1136 5258 cum
1154 5187 1224 5256 sint

239 5317 319 5364 vere
335 5288 502 5366 beneficia
520 5284 607 5362 Det,
629 5299 726 5372 grato
739 5302 878 5376 pectore
893 5305 1052 5362 autorem
1070 5287 1223 5358 celebro:
1314 5277 1341 5344 ¹)
1359 5273 1475 5328 ⁸¹²⁵d²¹t
1492 5273 1521 5326 ³¹¹
1541 5275 1694 5332 ΟΜΝ·
1712 5275 1746 5328 ¹⁶
1765 5293 1829 5332 ²¹²⁰·
1848 5274 2138 5399 ¹⁵⁵⁴stppp¹¹³¹lff³¹²⁸
2170 5283 2309 5352 (camo

1347 5341 1466 5396 Caesaris
1485 5341 1568 5408 filius)
1594 5343 1627 5396 ad
1654 5345 1693 5400 19.
1713 5343 1773 5399 lolii
1799 5343 1872 5400 diem
1896 5364 1926 5400 es

239 5409 273 5468 ct
296 5419 376 5466 eum
399 5417 482 5478 oro,
513 5403 553 5462 ut
575 5386 702 5460 urbem
725 5399 759 5456 et
780 5411 841 5456 vos
859 5403 1022 5460 servetet
1037 5390 1223 5478 gubernet,
1345 5411 1374 5464 in
1392 5409 1520 5482 mum,
1538 5410 1677 5482 ‚ww
1984 5363 2077 5416 Ῥω·
2100 5365 2171 5402 com
2199 5357 2303 5410 ctam

2094 5497 2151 5518 ρ
