4814 6172
210 251 286 322 211

216 424 263 490 oh
286 441 422 488 cansam
450 429 486 488 ct
517 415 701 488 doctrinae
733 415 850 486 studia
884 411 1079 482 necessaria
1109 421 1203 480 sunt.

218 523 318 612 Quae
333 545 411 590 cum
430 533 545 590 servet
558 519 651 587 filius
667 514 736 587 Dei
751 517 789 584 in
805 512 1101 604 hisregionibns,
1123 535 1204 580 vera

218 622 435 712 gratitudine
459 645 538 690 euin
557 621 792 704 celebremus,
820 641 970 710 eumque
986 637 1139 698 oremus,
1165 625 1206 681 ut

218 727 383 816 deinceps
397 721 572 792 Ecclesias
589 717 715 790 barano
733 721 916 809 regionum
940 733 973 788 et
994 741 1115 786 earum
1140 709 1206 784 bo-

218 828 322 918 spitia
345 839 462 895 servet
480 839 513 894 et
534 825 716 913 gubernet.
767 821 858 892 Cum
881 834 998 890 autem
1024 820 1204 888 iuniorum

221 1057 260 1100 ac
277 1030 424 1118 singulis
443 1024 538 1098 huuc
548 1019 749 1123 Coeperam
761 1016 1056 1118 Iungermun*),
1083 1035 1206 1090 natum

222 1132 409 1200 infantilia
435 1127 579 1199 honesta
600 1129 700 1200 urbis
716 1128 917 1207 Servestae,
944 1121 1034 1193 mihi
1056 1123 1209 1192 familia-

221 1235 308 1303 riter
330 1247 466 1302 notum.
532 1229 644 1302 Cuius
667 1243 794 1301 natura
819 1243 870 1299 est
902 1242 936 1297 et
956 1227 1119 1296 omnium
1143 1226 1209 1292 do-

223 1336 415 1406 ctrinarum
437 1333 539 1403 avida
565 1349 598 1404 et
619 1357 743 1423 capax,
769 1347 802 1400 et
824 1334 867 1400 ad
888 1331 1053 1398 virtutem
1070 1327 1209 1395 idonea.

222 1434 270 1506 Et
287 1437 438 1506 eruditio
458 1435 654 1526 exscriptis
672 1435 748 1502 eius
763 1434 913 1502 iudicari
941 1443 1071 1521 potest:
1099 1427 1209 1496 edidit

224 1539 317 1607 enim
334 1540 496 1629 poiimata
515 1538 558 1606 de
579 1537 682 1605 castis
705 1536 839 1624 angelis
863 1551 897 1605 et
919 1533 986 1602 alia
1011 1545 1103 1601 recte
1124 1529 1209 1597 scri-

225 1655 300 1730 pta,
342 1653 486 1730 propter
511 1662 600 1730 quae
628 1650 661 1706 et
695 1636 956 1705 illustrissimus
990 1648 1024 1702 et
1057 1633 1211 1722 optimus

226 1742 386 1832 princeps
402 1735 586 1832 Georgius
604 1740 766 1829 princeps
789 1740 827 1805 in
846 1733 981 1808 Anltalt
1009 1749 1042 1804 ct
1059 1731 1209 1802 Ascania

225 1857 289 1916 etc.
317 1843 502 1932 ingenium
523 1841 598 1908 eius
616 1841 779 1930 probavit
799 1855 832 1909 et
855 1837 1137 1910 benevolentiam
1156 1857 1212 1901 er-

224 1968 266 2034 ga
282 1969 363 2012 euru
386 1967 486 2012 stram
510 1942 709 2015 declaravit.
762 1941 851 2012 Crnn
876 1955 991 2009 autent
1018 1939 1056 2005 in
1076 1935 1210 2006 Acade·

222 2047 292 2113 mia
305 2043 574 2133 Witebergensi
589 2039 648 2112 hic
657 2032 807 2139 Cospur
818 2039 842 2110 I
841 2065 1044 2136 ungermun
1060 2037 1212 2128 amplius

225 2147 370 2215 biennio
386 2141 533 2214 honeste
549 2145 676 2216 vixerit
693 2161 727 2216 et
742 2147 894 2216 audierit
911 2143 1122 2235 professores
1134 2139 1212 2208 Do-

225 2249 358 2318 ctrinae
380 2243 625 2331 Christianae,
655 2247 739 2318 ltem
767 2243 935 2341 Physicae
953 2239 1211 2313 Mathematum

225 2364 259 2420 et
279 2350 495 2442 reliquarum
521 2349 675 2440 partium
699 2344 972 2440 Philosophiae,
1003 2342 1051 2414 Et
1075 2341 1213 2434 scriptis

224 2452 419 2522 ostenderit
439 2451 639 2521 studiorum
660 2451 854 2540 specimen:
908 2446 1068 2536 Quaeso,
1093 2459 1131 2513 ut
1151 2465 1213 2511 vos

224 2577 364 2646 quoque
381 2553 419 2620 in
438 2565 552 2622 vestra
566 2548 758 2620 Academia
774 2575 854 2620 eum
868 2547 1151 2641 complectamini
1180 2556 1213 2612 et

223 2654 422 2743 Magisterii
436 2653 541 2724 titulo
561 2655 705 2726 ornetis.
759 2652 840 2742 Qua
856 2653 894 2719 in
913 2675 951 2720 re
974 2675 1074 2742 spero
1092 2647 1211 2738 publi-

224 2758 274 2826 cis
291 2755 417 2826 studiis
435 2756 659 2845 profuturum
678 2768 832 2825 vestrum
848 2753 1018 2826 officium.
1068 2749 1117 2820 Et
1138 2773 1214 2830 oro,

224 2879 262 2928 ut
289 2857 416 2946 optimi
439 2857 609 2947 principis
631 2850 786 2949 Georgii
809 2849 1014 2924 Anhaltini
1042 2851 1212 2921 anemoria

223 2955 307 3027 hnic
323 2949 491 3052 Corpori
506 2958 626 3048 prosit.
680 2956 758 3028 Oro
782 2971 898 3026 antem
923 2958 1038 3026 filium
1053 2953 1120 3023 Dei
1138 2951 1213 3022 Do-

224 3061 361 3128 minum
378 3073 538 3129 nostrum
558 3057 671 3128 lesum
691 3057 893 3142 Christum,
919 3072 960 3128 ut
973 3071 1132 3146 protegat
1151 3051 1213 3122 ha-

224 3187 302 3230 rum
325 3163 507 3249 regionum
532 3158 712 3231 Ecclesiae
729 3179 763 3231 et
782 3161 911 3233 studia.
971 3158 1068 3228 Bene
1090 3159 1212 3226 valete.

224 3262 332 3332 Anno
351 3259 459 3334 1554.
476 3263 535 3331 die
553 3260 589 3335 4.
606 3261 773 3333 lanuarii.
904 3329 906 3336 .

869 3356 963 3435 Phil.
986 3354 1162 3430 Melanth.

223 3741 416 3866 Q.

603 3941 849 4057 (Apoclsu.)

294 4102 403 4170 Apocba
416 4101 482 4157 Met.
497 4124 518 4158 s.
534 4102 677 4163 schedula,
696 4121 747 4172 qua
762 4110 876 4154 testatur
895 4121 923 4154 se
939 4101 1074 4166 accepisse
1087 4103 1140 4156 400
1158 4103 1211 4156 tto-

324 4189 404 4223 renos
423 4173 537 4224 nentina
555 4175 640 4232 aean,
654 4169 778 4224 Witteb.
803 4169 830 4222 d.
851 4171 875 4223 4.
893 4171 948 4224 lau.
967 4171 1040 4228 1552.
1059 4173 1210 4226 serrandum

324 4244 359 4290 de
372 4239 456 4292 Murr
477 4241 543 4296 bibl.
560 4238 691 4292 Dillberr.
705 4239 723 4294 Ι.
744 4257 769 4306 p.
793 4238 856 4291 210.
873 4239 901 4291 iu
922 4239 1083 4294 bibliotheca
1104 4240 1208 4294 Norin-

325 4307 592 4376 b‘ergensibabetur,
617 4307 664 4360 aed
688 4307 729 4362 Cl.
744 4307 881 4372 donner,
906 4307 963 4360 eius
984 4307 1108 4364 biblioth.
1132 4329 1211 4380 prae·

323 4373 427 4440 fectus,
445 4395 525 4446 quern
549 4385 578 4428 ut
598 4393 656 4429 eam
675 4375 843 4430 describeret
858 4393 1034 4448 rogaveram,
1054 4397 1113 4431 earn
1132 4398 1208 4450 repe·

325 4445 379 4500 rire
394 4465 449 4499 uon
464 4445 564 4517 potuit,

281 4999 610 5082 Testimonium
638 4993 695 5080 de
727 4995 915 5084 Nicoluo
944 5002 1158 5120 Bis-pero.

322 5157 345 5226 t
364 5154 399 5208 a,
419 5173 513 5226 oon.
531 5155 560 5208 n
577 5155 639 5208 ua.
659 5153 744 5210 aava..
764 5157 800 5210 o.
819 5156 851 5210 t..
867 5152 941 5216 ssa·

217 5313 430 5328 W

237 5404 286 5468 a).
297 5397 358 5456 tlte.
371 5399 511 5466 lusgerm.
527 5405 619 5468 postea
632 5395 720 5452 lactus
739 5409 779 5452 est
795 5399 947 5456 camenis
957 5417 1046 5470 gener.
1084 5399 1116 5458 G.
1133 5401 1170 5462 Κ.

801 237 1236 318 EPISTULARUM
1300 235 1406 312 LIB.
1433 234 1515 309 xtt.
1547 232 1681 310 1554.Ι

2175 234 2252 306 212

1256 401 1526 478 Testimonium
1558 399 1748 502 publicum
1780 399 1822 475 N
1832 399 1979 474 s'coioi
2005 400 2161 490 Suari,
2195 401 2257 474 cui

1549 513 1745 602 ompototu
1772 529 1917 576 monus.
1929 502 1958 600 ¹)

1257 641 1349 726 Non
1373 655 1522 724 dubium
1548 666 1599 722 est
1622 653 1795 744 singulari
1812 651 1879 722 Dei
1898 653 2047 724 consilio
2064 655 2254 726 distinctos

1259 781 1331 826 esse
1352 753 1538 825 hominum
1557 758 1704 844 gradus,
1732 769 1766 826 et
1786 781 1866 824 cum
1885 757 2095 826 nobiliatem
2113 761 2255 850 praefe-

221 929 336 1000 ,mdid
362 929 515 997 iuvanda
535 926 606 994 sin,
659 927 867 992 commendo
893 923 994 991 vobis
1022 918 1207 992 Universis
1259 859 1348 928 cerit
1374 857 1470 928 Dens
1493 858 1741 942 inferioribus,
1769 871 1881 927 armat
1900 859 2006 926 etiam
2029 859 2103 948 ipse
2119 859 2257 930 multos

613 975 623 1006 2
1261 963 1270 982 s

1260 987 1297 1030 m
1323 985 1363 1029 eo
1388 961 1499 1048 gradu
1523 959 1658 1028 viribus
1681 960 1819 1048 ingenii
1842 961 2058 1044 maioribus,
2082 963 2258 1033 olfaciat

1261 1089 1319 1132 eos
1351 1064 1520 1130 salutares
1549 1063 1812 1149 gubernatores.
1871 1059 1961 1130 Nam
1987 1062 2048 1130 illa
2073 1087 2148 1130 non
2177 1065 2259 1134 sine

1261 1189 1363 1234 cansa
1382 1163 1511 1252 scripta
1536 1176 1618 1232 scint
1642 1189 1661 1232 a
1688 1161 1836 1232 Platone
1857 1175 1892 1231 et
1918 1159 2178 1253 xenophontes
2212 1181 2257 1238 ut

1261 1279 1395 1335 caetera
1421 1265 1615 1334 animantia
1639 1287 1712 1332 non
1737 1278 1883 1356 possunt
1898 1264 1967 1333 nisi
1982 1267 2027 1334 ab
2043 1261 2260 1340 hominibus
2375 1265 2376 1270 ἵ

1263 1369 1354 1457 regi,
1386 1367 1434 1434 ita
1467 1362 1629 1434 homines
1657 1391 1730 1434 non
1761 1379 1852 1436 recte
1884 1367 2097 1453 gubernari,
2135 1371 2206 1438 nisi
2237 1398 2258 1442 a

1264 1469 1514 1560 praestantiore
1532 1481 1680 1550 natura,
1705 1467 1869 1538 videlicet
1889 1463 2041 1540 heroica.
2084 1469 2172 1542 Vult
2189 1499 2259 1542 aru-

1262 1585 1332 1641 tem
1349 1569 1444 1638 Deus
1463 1568 1665 1660 praesertim
1683 1565 1845 1638 homines
1867 1571 2006 1639 nobiles
2031 1573 2188 1659 erudiri,
2218 1589 2258 1646 ut

1263 1699 1336 1741 non
1350 1673 1465 1740 solnm
1479 1671 1586 1739 armis
1601 1695 1720 1762 pacem
1738 1683 1921 1750 tueantur,
1949 1675 2008 1742 sed
2033 1675 2137 1742 etiam
2154 1679 2258 1745 domi

1264 1777 1397 1864 legum,
1431 1773 1638 1862 disciplinae
1679 1787 1713 1842 et
1753 1771 1936 1861 religionis
1978 1777 2140 1844 custodes
2174 1781 2257 1846 sint.

1264 1877 1385 1968 ltaque
1403 1901 1482 1944 cum
1498 1873 1565 1943 Dei
1583 1873 1751 1944 beneficio
1779 1875 1951 1942 excellens
1969 1875 2014 1944 sit
2035 1891 2163 1946 natura
2181 1875 2255 1952 Ni.

1265 1975 1363 2047 colai
1372 1973 1541 2068 Birgeri‚
1567 1968 1699 2048 natiin
1715 1977 1849 2044 familia
1865 1977 1980 2046 nobili
1995 1981 2250 2052 vetustissimae

1264 2093 1298 2150 et
1319 2080 1529 2150 fortissimae
1555 2080 1669 2167 gentis
1684 2077 1898 2162 Succorum,
1932 2091 1965 2146 et
1990 2103 2095 2169 capax
2119 2085 2167 2154 sit
2192 2087 2256 2158 slo-

1266 2183 1398 2251 ctrinae
1430 2205 1469 2247 ac
1507 2181 1659 2268 flagrans
1695 2203 1814 2247 amore
1846 2182 2058 2266 cognitionis
2099 2188 2257 2274 optima.

1265 2307 1344 2352 rum
1362 2305 1494 2363 rerum,
1512 2295 1546 2350 et
1563 2283 1733 2372 impetum
1745 2283 1789 2348 ad
1810 2279 1957 2350 vie-tutes
1974 2307 2090 2352 acrem
2109 2281 2257 2360 habeat:

1266 2385 1420 2453 studiose
1454 2384 1580 2454 didicit
1615 2398 1800 2474 utramque
1833 2383 2012 2471 lingnam,
2046 2387 2194 2458 latinam
2225 2405 2259 2461 ct

1266 2509 1442 2576 graecam,
1475 2481 1652 2553 Ecclesiae
1686 2485 1901 2566 doctrinam,
1932 2486 2092 2554 omnium
2114 2503 2258 2582 tempo-

1266 2613 1344 2656 rum
1371 2583 1553 2655 historiam
1579 2602 1612 2656 et
1637 2585 1737 2654 initia
1753 2581 2019 2678 philosophiae,
2043 2589 2140 2658 utilia
2159 2595 2256 2664 vitae

1267 2687 1465 2760 hominum.
1518 2685 1680 2781 Cumque
1703 2685 1816 2756 Deum
1842 2713 1922 2756 vera
1950 2689 2166 2759 invocatione
2188 2719 2253 2762 eo-

1267 2793 1331 2876 lat,
1358 2815 1439 2859 suos
1456 2813 1570 2859 mores
1594 2793 1697 2857 etiam
1718 2783 1862 2858 honeste
1881 2791 1981 2879 regit.
2030 2790 2135 2860 'l'anta
2159 2817 2243 2862 cum

1267 2895 1313 2962 sit
1338 2893 1470 2980 ingenii
1496 2891 1728 2983 praestantia,
1755 2905 1789 2958 et
1815 2904 1938 2960 natura
1962 2895 2030 2960 iam
2050 2893 2090 2961 sit
2107 2895 2249 2965 excrtlta

1267 2995 1399 3084 optima
1422 2995 1582 3064 doctrina
1608 2993 1736 3062 accidit
1758 2991 1922 3076 Nicotao,
1949 2995 2025 3062 sine
2048 2995 2254 3088 einsenlpa,

1268 3093 1496 3189 prohdolor,
1513 3119 1637 3183 magna
1653 3093 1840 3166 calamitas.
1893 3093 1983 3164 Cum
2000 3099 2092 3164 enim
2108 3123 2125 3164 a
2144 3123 2256 3171 coena

1268 3199 1398 3267 rediret
1422 3199 1465 3266 ad
1488 3199 1604 3266 studia
1626 3221 1687 3267 sua
1710 3197 1808 3266 etad
1834 3199 2068 3286 precationem
2086 3195 2257 3288 incedes,

1268 3323 1354 3392 quas
1371 3301 1606 3382 cosrduxerat,
1628 3311 1661 3368 et
1680 3321 1751 3366 tuta
1770 3298 1840 3368 iret
1857 3291 2023 3370 honestus
2039 3303 2254 3384 adulescens,

1268 3401 1398 3469 invasit
1416 3425 1484 3484 eos,
1501 3399 1757 3470 modestissime
1774 3413 2053 3490 praetereuntes,
2065 3405 2257 3476 sceleratus

1268 3503 1381 3586 miles,
1396 3503 1457 3594 qui
1474 3525 1571 3570 more
1588 3503 1767 3570 latronum
1783 3502 1917 3570 emissis
1931 3504 2145 3574 fulminibus
2162 3511 2258 3577 mul-

1267 3619 1383 3672 torum
1401 3603 1586 3692 globorum
1607 3629 1646 3672 ex
1669 3604 1864 3672 bernbardo
1882 3605 2050 3675 sauciavit
2070 3608 2257 3679 sinistrum

1267 3699 1450 3774 bracchium
1467 3719 1500 3774 et
1515 3705 1606 3774 latus
1621 3705 1757 3774 Nicolai
1769 3760 1778 3790 ,
1792 3729 1898 3798 quiam
1914 3708 1960 3775 ob
1978 3731 2116 3776 cansam
2136 3725 2259 3800 postea

1252 3801 1404 3875 brachii
1425 3819 1556 3896 partem
1582 3807 1834 3876 inflammatam
1860 3809 2015 3900 praecidi
2034 3807 2256 3908 oportuit*).

1266 3907 1362 3977 llaec
1385 3923 1480 3977 tanta
1506 3910 1703 3992 calamitas,
1737 3913 1940 4000 praesertim
1961 3911 2000 3978 in
2023 3913 2085 3980 tali
2108 3907 2259 3986 bomine

1265 4011 1369 4081 nobis
1390 4011 1557 4080 omnibus
1579 4011 1738 4080 dolorem
1762 4035 1927 4102 magnum
1942 4013 2070 4089 attulit.
2121 4011 2260 4086 Exem-

1300 4273 1326 4338 l)
1346 4269 1492 4340 luscciptio
1507 4271 1536 4325 in
1551 4269 1613 4326 cod.
1626 4271 1712 4327 Paris.

1298 4343 1868 4493 *2,castaneaeaaaaar·
1882 4357 2119 4485 aza-eat
2140 4367 2259 4489 aaa·

1329 4493 1377 4545 ubi
1392 4493 1462 4546 inter
1474 4491 1524 4544 alia
1538 4494 1603 4546 baec
1614 4493 1761 4546 habentur:
1780 4533 1800 4560 „
1811 4466 1931 4548 fuirunt
1946 4497 1974 4548 in
1989 4469 2045 4552 bosi
2053 4471 2155 4570 oppidi
2167 4475 2261 4572 prae:-¹

1333 4598 1353 4628 „
1363 4560 1429 4612 sidia
1444 4562 1558 4614 utilitum
1574 4562 1690 4630 amptius
1705 4564 1857 4630 septennio.
1892 4563 1990 4618 Nullus
2005 4575 2093 4620 tamen
2108 4569 2188 4625 utiles
2201 4575 2256 4626 asl-

1333 4647 1450 4700 „rersus
1467 4644 1619 4700 quenquam
1641 4630 1667 4680 in
1692 4631 1793 4700 oppido
1815 4652 1878 4686 assus
1897 4643 1936 4686 est
1951 4638 2111 4708 tormentis,
2129 4650 2161 4692 ttt
2178 4643 2259 4696 acci·

1330 4733 1347 4764 „
1356 4699 1395 4750 dit
1408 4701 1483 4750 iutro
1499 4702 1629 4762 bellunm..
1648 4707 1675 4750 el
1689 4699 1799 4768 quidem
1814 4702 1887 4770 petiti
1901 4709 2004 4754 suntet
2018 4705 2150 4759 vulnerati
2162 4709 2257 4780 globis

1330 4805 1351 4836 „
1362 4766 1467 4819 nobiles
1482 4767 1570 4835 docti,
1590 4769 1720 4832 ruodesti,
1740 4769 1786 4834 qui
1801 4769 1936 4822 aeneidem
1950 4769 2139 4832 irritaverunt.
2180 4779 2256 4833 Fieri

1329 4848 1445 4910 „autern
1462 4845 1563 4904 potest,
1582 4833 1668 4887 ut'alii
1684 4833 1795 4903 inquieti
1808 4837 1977 4894 irritaverint
1990 4839 2098 4895 milites.
2135 4843 2207 4900 Nam
2229 4857 2257 4902 et

1331 4905 1408 4978 „boc
1423 4903 1564 4972 audimus,
1582 4901 1757 4982 scholasticos
1771 4907 1906 4976 quosdam
1922 4909 2013 4977 vagari
2035 4919 2119 4964 noeto
2134 4917 2257 4972 terribili

1332 4991 1457 5044 „genere
1484 4989 1623 5027 armorum
1646 4981 1804 5028 instructos.
1845 4975 1910 5028 ldeo
1942 4993 2035 5030 severe
2065 4985 2253 5052 praecipimus

1239 5087 1240 5090 ,
1331 5041 1486 5114 „omnibus
1500 5039 1681 5098 scholasticis,
1701 5049 1728 5094 ut
1745 5042 1799 5096 sint
1816 5041 1949 5108 modesti,
1969 5045 2100 5100 strident
2116 5065 2259 5108 causant

1331 5111 1512 5179 „oeusionea
1537 5109 1736 5180 perlectorum.
1762 5141 1796 5154 -
1832 5114 1873 5164 ult
1898 5111 2072 5181 probibemus
2098 5127 2256 5176 nocturn„

1328 5178 1601 5252 „discursitationes‚
1624 5177 1834 5237 vociferationes
1859 5189 1887 5234 et
1909 5199 2048 5234 umorum
2072 5185 2255 5256 gestationes.

1328 5246 1479 5316 „Cogitant
1501 5237 1705 5304 adolescentes,
1724 5263 1779 5300 uon
1799 5247 1889 5302 solum
1905 5248 1937 5300 ab
1951 5247 2111 5304 bensinibus
2127 5260 2254 5334 pericula

1327 5315 1438 5438 „orirdig
1457 5316 1502 5436 “td
1519 5315 1643 5436 fil⁸b⁰¹ss⁸
1669 5312 1790 5436 iraeid'iari
1812 5315 1880 5370 sitae
1898 5325 1923 5369 et
1944 5317 2035 5372 moliri
2055 5319 2202 5380 seditsoues
2222 5337 2255 5380 et

1328 5403 1401 5456 „ue
1437 5403 1477 5438 le
1503 5398 1611 5436 3ΙᾶΜο
1639 5399 1719 5436 ses
