4814 6172
209 311 286 384 279
768 289 1199 370 EPlSTOLARUM

1252 291 1359 368 ure.
1384 291 1467 369 xa.
1523 240 1653 368 cass.
1741 369 1746 376 ,
2175 291 2253 368 aso

214 487 422 558 recentiores
446 493 583 552 tanturn
606 479 753 556 audere,
779 488 818 544 ut
834 475 929 542 dere
946 485 1043 544 tanta
1064 493 1083 539 a
1101 483 1202 540 vetu-
1227 473 1230 540 t
1255 467 1403 536 sentiam
1421 467 1460 536 in
1479 489 1544 536 suo
1563 466 1703 556 agmine
1724 465 1890 540 ostendit.
1942 461 2116 558 Exempla
2138 468 2254 538 multa

214 601 299 660 state
313 587 551 668 discederent,
578 581 677 674 quasi
694 601 766 648 non
781 589 814 645 et
828 575 993 644 audacter
1008 573 1077 644 alia
1091 571 1202 642 linxe-

215 691 298 762 rint.
350 687 402 759 De
425 700 498 757 tota
514 709 553 754 re
575 705 690 752 coram
716 679 978 769 colloquemur,
1004 677 1088 772 quia
1106 698 1202 744 com-

216 793 319 884 plecti
336 789 491 882 epistolis
506 811 579 856 non
595 806 744 876 possum.
782 779 879 848 Bene
898 779 985 854 vale.
1036 778 1106 848 Pro
1126 777 1203 846 cul-

217 895 280 964 tris
299 893 450 986 pagellas
464 891 529 960 tibi
545 889 645 957 mitto
663 878 712 973 a).
766 881 806 952 ln
824 879 1040 956 Pentecoste.

467 979 474 992 ’
952 981 1152 1078 Philippus.

216 1217 594 1232 ..ffl—--m—-fi—
604 1216 663 1223 ——-
680 1217 686 1222 .
699 1216 720 1222 -
734 1217 750 1221 -.
1131 1206 1203 1214 -.-

471 1553 623 1638 locat.
655 1550 935 1640 cameraria.

281 1712 364 1786 Epist.
375 1713 408 1769 ad
424 1713 566 1770 Camerar.
580 1731 609 1786 p.
622 1711 683 1767 682.
701 1710 755 1778 (ed.
768 1707 858 1763 Lond.
875 1707 921 1763 lib.
934 1705 981 1759 lV.
996 1723 1038 1776 ep.
1056 1703 1140 1773 892).

210 1866 436 1946 Clarissimo
461 1871 540 1941 viro
568 1867 771 1942 eruditione
798 1879 828 1938 et
849 1865 976 1937 virtute
996 1861 1208 1965 praestanti

250 1967 790 2066 IloaohimoCamerario
803 1965 931 2071 fratri
946 1991 1015 2040 sao
1039 1967 1167 2041 carisa.

212 2111 260 2198 S·
283 2123 330 2198 D.
381 2119 458 2214 Ego
483 2151 566 2196 vero
590 2151 663 2196 non
692 2125 815 2194 leviter
843 2121 1025 2192 excrucior
1054 2145 1136 2190 cura
1163 2121 1207 2188 de

213 2227 372 2322 Synodo‚
395 2242 523 2299 etcum
541 2229 609 2299 alia
626 2229 737 2298 multa
753 2227 879 2318 cogito,
907 2239 983 2294 turn
1001 2247 1084 2293 vero
1101 2222 1207 2292 etiam

213 2332 279 2400 iter
302 2321 492 2400 Iohannis
516 2329 623 2406 Rom.
648 2329 848 2413 pontificis,
882 2328 944 2420 qui
965 2324 1208 2403 Constantine,

214 2457 293 2502 cum
314 2433 553 2506 obiicerentur
572 2435 604 2504 ei
618 2433 729 2504 multa
753 2432 922 2510 crimina,
949 2427 1148 2518 respondit:
1173 2449 1208 2494 se

99 2625 103 2632 ,
214 2534 314 2626 peius
335 2537 475 2620 fecisse,
505 2539 601 2629 quod
633 2539 677 2604 ad
700 2533 886 2629 Synodum
916 2531 1079 2602 venisset.
1138 2527 1206 2599 Sed

215 2639 427 2706 commendo
460 2661 526 2708 nos
560 2638 645 2708 Deo.
697 2636 812 2706 Aulae
846 2635 1015 2704 videntur
1043 2631 1207 2701 delectari

216 2741 347 2809 nostris
376 2740 639 2810 certaminibus.
711 2735 758 2808 Et
780 2736 938 2808 fortassis
962 2739 1114 2804 aderunt
1137 2736 1209 2803 duo

217 2841 290 2921 illi,
318 2865 408 2934 qnos
429 2837 616 2934 Appianas
644 2842 795 2932 scriptor
824 2835 992 2909 historiae
1023 2838 1072 2908 ait
1100 2837 1209 2906 fuisse

215 2935 440 3042 Polyphemi
458 2945 559 3015 lilios.
611 2941 658 3014 Et
681 2945 824 3037 quidem
856 2941 902 3013 ita
934 2941 987 3009 illi
1012 2938 1209 3010 narrationi

215 3047 328 3132 favet,
353 3059 394 3118 ut
406 3047 517 3132 dicat,
542 3045 605 3120 καὶ
619 3039 704 3118 adde
721 3041 786 3138 μοὶ
801 3037 982 3138 μάλιστα,
1007 3037 1123 3114 πολλὰ
1136 3065 1210 3134 μυ-

216 3141 411 3223 acrbior
428 3147 534 3244 ἕτερα
554 3153 719 3232 πολλῶν,
748 3145 902 3240 ἀρέσκει.
961 3145 1031 3217 Sed
1048 3141 1133 3214 haee
1150 3169 1210 3213 co-

217 3273 304 3324 ram.
346 3250 436 3321 Nam
454 3254 496 3321 ad
514 3277 577 3324 vos
595 3253 737 3346 quidem
753 3253 905 3322 libenter
918 3251 1060 3319 accedo.
1113 3245 1211 3316 Bene

218 3367 253 3422 et
268 3353 418 3424 feliciter
433 3354 521 3429 vale.
559 3349 638 3425 Oro
655 3354 768 3421 lilium
785 3351 848 3422 Dei
865 3366 903 3422 ut
918 3367 951 3422 te
966 3367 1000 3420 et
1016 3347 1210 3418 Ecclesiam

217 3470 314 3525 tuam
329 3456 557 3528 domesticam
579 3471 693 3528 servet
715 3455 941 3525 incolumem.
996 3450 1094 3520 XVl.
1111 3449 1211 3520 Maii.

963 3550 1162 3645 Philippus.

218 3941 284 4017 No.
299 3937 412 4015 5601.

233 4035 403 4070 Μ

378 4219 380 4226 ,
438 4127 565 4217 Hier.
598 4126 988 4240 Bnnmgartnero.

287 4303 373 4378 Epist.
392 4303 440 4360 lib.
453 4299 500 4358 Vl.
524 4319 550 4374 p.
565 4299 666 4372 tasrq.
703 4298 754 4354 tlte
774 4317 804 4352 ex
823 4297 992 4369 autographo
1012 4297 1040 4350 in
1059 4297 1120 4354 eod.
1143 4297 1210 4352 Μο-

322 4393 382 4431 uae·
395 4373 416 4433 l.
434 4393 461 4447 p.
476 4369 537 4427 182.

219 4526 506 4624 Hieronymo
537 4518 900 4618 Bomgnrtnero‚
945 4519 1121 4593 Senatori
1152 4523 1210 4593 in-

491 4622 612 4723 clytae
626 4623 730 4697 urbis
743 4620 943 4719 Noriberg.

219 4765 267 4856 S.
292 4777 338 4854 D.
389 4779 605 4874 Quanquam
631 4776 742 4848 iustae
763 4801 896 4869 poenae
919 4801 983 4869 per
1007 4745 1117 4868 genus
1141 4775 1209 4848 hu-

217 4907 365 4956 manum
379 4895 570 4974 vagantur,
594 4894 714 4951 tamen
729 4877 845 4952 Filius
859 4881 929 4950 Dei
953 4881 1124 4950 immensa
1141 4882 1209 4950 mi-

218 4987 407 5060 sericordia
422 4985 510 5056 lenit
522 4980 699 5056 Ecclesiae
715 4983 930 5054 calamitates
945 4999 978 5054 et
992 5007 1091 5053 suam
1108 5007 1209 5074 prae-

253 5227 641 5378 '‘‚ttatttttaat
651 5227 1032 5354 tacitatacita
1043 5259 1088 5380 113.
1103 5228 1208 5352 tua

284 5370 394 5444 pheloc,
417 5379 444 5422 et
457 5383 527 5424 eoru
542 5377 600 5420 erat
614 5383 687 5419 anno
704 5365 781 5418 1554.
796 5383 826 5419 ea
839 5365 873 5420 de
885 5387 914 5421 re
926 5368 1083 5440 disputatae.
1122 5366 1207 5422 Vide-

284 5439 352 5495 turi
371 5437 427 5490 itur
440 5437 506 5490 lraec
520 5453 564 5509 ep.
576 5435 609 5490 ad
623 5453 687 5489 ann.
703 5433 777 5491 1554.
791 5433 950 5509 referenda,
967 5437 1014 5491 ubi
1029 5436 1085 5490 dier
1100 5445 1207 5508 pentec.

285 5510 338 5564 fuit
373 5507 438 5564 ΑΒ.
450 5505 528 5562 Maii.

1256 571 1360 639 etiam
1385 564 1442 638 his
1459 569 1563 640 annis
1577 565 1751 643 videmus.
1800 565 1849 640 Et
1869 564 1938 640 hoc
1961 593 2058 640 anno
2076 569 2257 642 divinitus

1254 672 1403 764 repressi
1420 687 1504 744 sunt
1518 665 1688 766 Lamyrr'
1699 684 1868 758 conatus,
1893 693 1999 765 quem
2015 673 2080 743 etsi
2097 696 2172 742 non
2189 673 2254 742 de-

1255 775 1334 844 sino
1348 789 1521 862 metuere,
1547 789 1666 845 tamen
1684 797 1786 866 spero
1806 775 1979 870 lacrymas
2000 789 2035 848 et
2050 789 2135 846 vota
2157 777 2259 846 mul-

1255 892 1370 948 tarum
1399 879 1538 970 piarum
1558 878 1774 948 familiarum
1803 880 1897 968 apud
1921 901 1985 948 vos
2008 891 2044 950 et
2068 879 2155 948 alibi
2179 903 2258 948 non

1256 981 1331 1051 fore
1355 981 1467 1054 irrita.
1519 979 1681 1051 Minatus
1702 995 1753 1050 est
1778 980 1944 1050 atrociter
1966 981 2094 1073 vicinis
2114 979 2261 1058 Silesiie

1257 1097 1291 1153 et
1306 1083 1400 1152 aliis:
1430 1085 1489 1152 sed
1506 1083 1681 1154 nuncubi
1698 1084 1743 1154 sit
1765 1107 1838 1152 non
1855 1084 1939 1153 scio.
1991 1079 2104 1154 Aiunt
2121 1086 2166 1154 ad
2184 1081 2260 1154 Pa-

1256 1200 1375 1256 truum
1409 1187 1609 1266 accessisse,
1648 1187 1785 1256 utinam
1819 1187 1922 1256 abeat
1956 1178 2042 1281 iffi)
2076 1178 2260 1283 κόρακας.

1255 1285 1554 1358 Commendamus
1577 1301 1699 1359 nostra
1727 1289 1884 1382 pericula
1910 1283 1978 1356 Dei
2000 1288 2074 1358 filio
2094 1285 2263 1359 Domino

1256 1403 1378 1460 nostro
1395 1386 1475 1462 lesu
1489 1385 1650 1476 Christo,
1676 1392 1739 1485 qui
1756 1391 1863 1470 dixit,
1889 1383 2011 1461 Nemo
2034 1387 2152 1490 rapiet
2174 1417 2264 1464 oves

1257 1515 1357 1562 mens
1381 1515 1428 1562 ea:
1448 1491 1623 1563 manibus
1644 1491 1745 1567 meis.
1797 1489 1872 1562 Has
1886 1494 2026 1564 divinas
2046 1497 2265 1588 promissio-

1258 1619 1320 1666 nes
1335 1619 1410 1666 non
1425 1597 1664 1667 existimemus
1682 1598 1805 1666 inanes
1823 1597 1960 1668 sonitus
1979 1619 2072 1682 esse,
2093 1600 2156 1668 sed
2176 1624 2264 1670 vere

1259 1700 1305 1768 ab
1326 1693 1395 1768 hoc
1417 1701 1561 1770 custode
1578 1695 1757 1768 Ecclesiae
1781 1697 1964 1784 crucifixo,
1989 1714 2024 1771 et
2048 1701 2262 1774 resuscitato

1257 1799 1414 1870 Domino
1437 1816 1559 1873 nostro
1582 1803 1661 1872 Iesu
1684 1797 1828 1872 Christo
1850 1816 2010 1894 petamus
2037 1813 2073 1874 et
2097 1821 2262 1898 expecte-

1258 1927 1337 1974 mus
1351 1903 1525 1974 auxilium
1538 1905 1583 1974 de
1599 1905 1866 1996 protectionem.

1360 2037 1528 2135 Synodus
1545 2040 1678 2109 indicta
1698 2055 1768 2123 est,
1790 2054 1830 2110 ut
1845 2041 1883 2110 in
1900 2041 1977 2132 ripa
1994 2039 2099 2112 Salae
2118 2043 2157 2112 in
2175 2045 2251 2113 urbe

1258 2136 1471 2238 Nnopyrgo
1489 2142 1705 2212 conveniant
1724 2143 1860 2236 aliquot
1878 2145 2046 2214 docentes
2068 2145 2109 2213 in
2134 2141 2261 2216 Eccle-

1260 2246 1321 2315 siis
1336 2243 1515 2330 Suevicis‚
1538 2242 1716 2315 Hessiacis
1741 2259 1777 2316 et
1798 2245 1940 2318 nostris.
1994 2244 2077 2316 Non
2099 2249 2176 2318 scio
2193 2275 2264 2344 qua

1260 2350 1304 2418 de
1327 2371 1366 2416 re
1388 2348 1500 2416 velint
1517 2347 1726 2426 deliberari,
1754 2342 1791 2416 bi
1810 2348 1873 2441 qui
1896 2371 1962 2418 nos
1985 2351 2181 2421 convenire
2204 2353 2265 2420 iu-

1259 2452 1356 2522 bent.
1414 2448 1532 2520 Multa
1560 2449 1736 2540 suspicor,
1768 2463 1804 2520 et
1830 2449 1946 2537 cogito
1978 2445 2166 2522 historiam
2191 2449 2265 2522 Io-

1260 2545 1401 2621 hannis
1425 2549 1584 2623 Romani
1605 2549 1804 2637 Pontificis,
1842 2553 1904 2646 qui
1926 2549 2171 2625 Constantiam
2199 2581 2266 2626 ac-

1261 2655 1364 2725 cessit
1379 2654 1565 2726 accersitus
1585 2655 1630 2724 ab
1644 2651 1862 2745 Imperatore
1876 2649 2124 2748 Segismando.
2179 2657 2261 2728 Sed

1261 2760 1305 2827 de
1323 2752 1392 2826 hoc
1409 2770 1586 2828 conventu
1614 2757 1785 2842 scribam,
1817 2757 1879 2827 nbi
1904 2759 2024 2830 videro
2043 2751 2110 2851 τὴν
2130 2781 2258 2828 κατα-

1262 2851 1442 2956 στροφήν.
1476 2854 1554 2930 Oro
1563 2857 1696 2929 Filium
1712 2855 1780 2930 Dei
1794 2874 1916 2931 ut-nos
1931 2883 2054 2932 omnes
2070 2861 2257 2952 gubernet.

1261 2961 1360 3033 Bene
1375 2977 1409 3032 et
1426 2961 1577 3035 feliciter
1593 2963 1682 3036 vale.
1733 2963 1793 3032 die
1815 2962 1871 3036 16.
1889 2962 1992 3036 Maii.

2007 3063 2211 3160 Philippus.

1269 3296 1442 3304 ...-.--.
1460 3297 1822 3305 ——---—.-—------—.--
2145 3298 2263 3308 -—-—

1266 3435 1457 3562 Q.
2107 3447 2257 3516 saltat

2112 3543 2250 3572 Μ

1550 3640 1660 3754 Cpte.
1690 3639 1984 3728 Stattma'onr'.

1333 3815 1416 3888 Epist.
1436 3817 1483 3872 lib.
1498 3816 1529 3874 ll.
1549 3835 1575 3890 p.
1588 3816 1648 3874 sta.
1667 3817 1720 3887 (ed.
1738 3815 1825 3872 Lond-
1843 3816 1892 3873 lib.
1904 3815 1938 3870 ll.
1956 3831 2000 3884 ep.
2012 3813 2096 3885 DZ).

1384 3974 1438 4052 D.
1466 3965 1818 4077 Christopltoro
1840 3969 2139 4048 Stathmr'oni

1265 4117 1315 4204 S.
1343 4131 1387 4204 D.
1439 4127 1531 4202 Cum
1544 4127 1787 4202 Cancellarius
1805 4123 2043 4225 Mingoicias
2067 4144 2101 4202 et
2121 4131 2273 4206 intelli-

1264 4249 1322 4324 gat
1336 4233 1545 4324 dignitatem
1559 4234 1775 4326 optimarum
1792 4233 1941 4320 artium,
1966 4257 2116 4328 quarum
2133 4239 2274 4328 cogni-

1264 4337 1362 4407 tione
1376 4351 1412 4408 et
1426 4359 1493 4406 usu
1510 4339 1663 4408 multum
1684 4341 1851 4429 prodesse
1871 4338 1965 4408 vitae
1988 4338 2173 4408 communi
2198 4363 2276 4433 po-

1263 4453 1334 4524 tes,
1366 4451 1401 4509 et
1429 4452 1556 4510 natura
1586 4439 1756 4511 iustitiam
1787 4453 1823 4512 et
1850 4439 2118 4512 beneficentiam
2147 4461 2275 4519 amet:

1262 4565 1366 4633 spero
1388 4565 1469 4610 eum
1490 4542 1557 4613 tibi
1578 4567 1654 4612 non
1674 4543 1880 4614 defuturum
1898 4565 1971 4612 esse
1992 4542 2031 4610 in
2047 4543 2151 4628 aula,
2175 4547 2213 4616 si
2237 4549 2272 4620 ei

1263 4666 1417 4735 exponas
1431 4644 1516 4738 quid
1531 4658 1640 4736 petas.
1683 4641 1761 4735 Ego
1777 4669 1849 4740 quo
1864 4645 1903 4714 in
1920 4645 1998 4714 loco
2015 4645 2082 4715 sim
2096 4650 2275 4726 memini.

1263 4743 1332 4817 Sed
1356 4757 1472 4816 tamen
1489 4771 1571 4816 vere
1593 4749 1781 4818 adfirmare
1797 4769 1960 4839 possum,
1984 4760 2018 4816 te
2033 4771 2053 4818 a
2068 4771 2127 4817 me
2143 4748 2274 4844 diligi,

1263 4861 1297 4918 et
1319 4843 1412 4918 hanc
1425 4849 1710 4920 benevolentiam
1730 4851 1801 4920 tuis
1822 4873 1880 4919 me
1895 4849 2160 4923 declaraturum
2186 4877 2273 4926 esse

1262 4951 1467 5044 ubicunque
1489 4965 1624 5051 potero.
1683 4951 1824 5024 Scimus
1845 4952 2027 5022 saevitiam
2052 4964 2273 5046 temporum

1262 5053 1438 5144 sapienter
1469 5053 1651 5124 ferendam
1678 5079 1770 5140 esse,
1802 5068 1843 5126 ut
1867 5053 1898 5124 si
1927 5053 1966 5122 in
1991 5053 2117 5144 pelago
2143 5061 2273 5130 saevis

1261 5156 1525 5246 tempestatibus
1538 5157 1794 5248 navigaremus.
1824 5152 1874 5228 Et
1885 5167 2003 5226 tamen
2018 5179 2123 5248 spero
2138 5157 2273 5233 Deum

1261 5257 1421 5350 publicas
1443 5272 1478 5328 et
1501 5259 1656 5352 privatas
1672 5259 1886 5331 calamitates
1905 5257 2151 5348 mitigaturum
2169 5287 2275 5350 esse,

1294 5507 1324 5578 *j
1343 5505 1442 5579 Spanlr.
1455 5504 1543 5561 edidit
1554 5507 1600 5568 atr.
