4808 6176
200 223 276 302 dtb
781 195 1213 286 nctsronatttttu
1264 194 1370 274 ΜΒ.
1395 193 1480 272 ΧΠ.
1532 190 1664 270 1555.
2172 189 2236 268 stt

205 396 364 500 periuria
382 389 599 470 seuerissime
623 385 766 482 puniri,
792 379 945 474 etpunit
966 377 1044 468 ipse
1059 367 1204 444 Alasto-
1254 370 1417 441 nitantur
1440 363 1550 454 mihi,
1584 391 1621 440 se
1641 361 1736 466 tinio
1757 360 2020 468 ἅρτολατρείας
2043 379 2166 440 contra
2189 391 2239 438 me

207 502 379 584 rutilius,
406 495 598 590 impiorum
617 495 822 580 dogmatum
840 497 998 564 autores,
1025 499 1106 546 curu
1122 471 1206 543 Ma·
1255 473 1546 565 scripturosesse.
1597 471 1738 566 Siquid
1761 476 1868 544 edent
1890 471 2103 544 nominatim
2123 481 2239 540 contra

207 611 377 700 gistratus
397 600 552 674 osticium
576 619 679 666 suum
704 591 904 680 negligunt:
933 579 985 653 Ae
1012 591 1098 648 tunc
1123 575 1204 668 qui·
1258 599 1322 660 me,
1349 574 1500 657 decrevi,
1525 571 1601 644 Deo
1618 574 1764 646 iuvante
1780 578 2003 668 respondere,
2027 566 2242 644 etiamsihoc

209 715 291 782 dem
319 705 427 778 simul
449 717 483 774 et
505 697 754 786 Magistratus,
788 705 820 760 et
839 684 985 778 imperia
1000 680 1113 758 delet,
1143 677 1205 769 qui
1256 689 1432 746 certamen
1449 675 1564 746 omitti
1581 677 1714 750 malim.
1748 675 1831 748 Pios
1846 692 1881 750 et
1897 682 2020 748 doctos
2034 677 2080 744 de
2096 698 2136 744 re
2151 686 2241 744 tauta

210 813 288 884 uttlt
312 809 349 880 iu
377 805 500 900 poenis
527 797 722 870 manifestis
745 789 902 884 conspici
926 781 1127 859 testimonia
1149 779 1205 848 iu·
1258 778 1392 870 placide
1414 777 1571 870 colloqui
1594 779 1719 848 utilius
1741 793 1839 854 esset.
1889 775 1968 850 Oro
1991 791 2109 848 autem
2133 776 2242 844 tilium

212 913 330 990 stitiae
346 933 440 982 suae.
1257 879 1342 964 Dei,
1371 891 1412 949 ut
1433 901 1499 948 nos
1525 903 1648 948 omnes
1671 882 1862 969 gubernet,
1894 895 1928 952 et
1948 892 2047 950 sanet
2069 873 2245 948 Ecclesiae

315 1011 415 1084 Haec
428 1004 583 1080 breviter
597 1002 641 1070 de
653 991 795 1068 iudiciis
812 989 1001 1072 Ecclesiae,
1028 981 1121 1054 etde
1138 1003 1206 1070 pu·-

212 1115 357 1192 niendis
385 1109 504 1202 impiis
527 1101 748 1192 dogmatistis
763 1097 853 1168 dixi:
880 1115 969 1188 quae
992 1109 1094 1178 saepe
1111 1082 1208 1150 mul-

213 1239 362 1313 tumque
381 1212 533 1304 cogitare
547 1207 635 1278 utile
651 1217 721 1287 est,
747 1215 788 1272 ut
803 1201 847 1268 ad
871 1199 959 1266 duas
981 1213 1037 1260 res
1057 1185 1208 1256 maxime

213 1347 280 1400 nos
296 1315 548 1394 exercitemus,
573 1311 617 1378 ad
636 1304 794 1376 discendi
808 1322 949 1380 curam,
974 1291 1070 1362 etad
1088 1310 1208 1378 preca-

213 1429 362 1498 tionem·
404 1413 561 1508 Utraque
575 1433 632 1482 res
653 1404 846 1478 necessaria
864 1411 926 1470 est.
967 1391 1079 1466 Recte
1094 1389 1210 1456 disca-

214 1549 295 1602 mus
309 1519 507 1594 doctrinam
522 1514 695 1592 divinam,
720 1520 761 1576 ut
775 1503 907 1574 Paulus
924 1496 1060 1589 inquit,
1084 1485 1209 1560 Habi-

215 1637 263 1706 tel
282 1623 322 1700 iu
350 1619 451 1692 codis
477 1638 596 1688 sermo
609 1605 758 1684 Christi
778 1599 944 1702 opcclente
964 1597 1004 1666 in
1029 1589 1132 1665 omni
1145 1615 1210 1660 sa-

215 1724 377 1834 pientia:
411 1719 459 1796 Et
480 1719 714 1808 adiungamus
739 1728 840 1777 veros
866 1701 1035 1794 gemitus,
1061 1711 1093 1766 et
1111 1708 1210 1778 vota;

217 1865 256 1912 ac
280 1845 459 1930 petamus,
489 1835 532 1892 ut
554 1820 647 1888 hlius
666 1811 732 1884 Dei
754 1809 861 1878 iaciat
883 1827 949 1872 nos
971 1825 1050 1870 vasa
1073 1796 1211 1866 miseri-

217 1939 371 2014 cordiae.
423 1925 531 2017 Quod
564 1935 604 1992 ut
634 1918 824 1988 clementer
858 1905 979 1989 faciat,
1020 1914 1095 1972 toto
1131 1921 1210 1968 cum

218 2059 362 2140 pttlort'
381 2054 457 2103 01¹0·

222 2225 1209 2288 „..----------

531 2578 590 2666 11.
619 2571 915 2678 Bullingero.

295 2767 373 2826 Edita
395 2761 423 2816 in
443 2757 563 2832 epistolis
582 2747 676 2805 loanni
692 2743 813 2808 calvini,
834 2760 863 2813 p.
876 2741 936 2795 40⁰.
973 2737 1084 2796 Contuli
1097 2753 1216 2813 apogra-

330 2835 403 2912 phou
416 2833 444 2886 in
458 2829 521 2884 eod.
538 2821 622 2880 Paris.
635 2819 668 2874 l).
687 2817 716 2870 L.
732 2815 790 2867 54³.

457 2977 661 3060 Hearico
686 2966 983 3064 Bullingero.

229 3145 446 3234 Reverende
468 3140 523 3208 vir
546 3147 581 3204 et
603 3123 807 3198 charissime
828 3123 946 3190 trater.
996 3115 1089 3188 Cum
1114 3115 1217 3184 allata

229 3265 345 3332 cssent
360 3244 514 3334 exempla
530 3234 580 3308 tui
603 3226 724 3320 scripti
746 3219 829 3318 accpi
845 3213 1084 3311 δικαιοσύνης
1100 3217 1219 3288 statim

230 3359 301 3436 ectri
320 3366 355 3424 et
378 3345 464 3436 legi,
497 3365 536 3410 ac
560 3337 708 3404 laetatus
732 3351 809 3396 sum
829 3347 1002 3395 consensu
1024 3334 1219 3390 vestrarum

230 3487 271 3538 sc
285 3455 314 3552 ¹)
335 3463 531 3524 nostrarum
547 3432 801 3508 Ecclesiarum.
854 3425 979 3496 Postea
1003 3437 1080 3492 tuas
1103 3421 1221 3491 literas

232 3579 266 3638 et
284 3559 415 3630 librum
432 3560 502 3616 ate
523 3539 671 3609 missum
687 3531 816 3622 accepi.
867 3527 954 3598 Tibi
966 3525 1075 3614 igitur
1097 3537 1131 3593 et
1155 3547 1220 3614 pro

232 3648 480 3742 benevolentia
511 3664 590 3732 erga
617 3660 674 3706 me
695 3648 756 3706 tua
780 3646 813 3702 et
836 3654 901 3724 pro
923 3651 1071 3698 munere
1094 3626 1221 3715 gratias

234 3789 310 3858 ⁸8⁰·
360 3750 448 3840 Legi
471 3746 575 3816 etiam
600 3761 691 3834 quae
708 3737 752 3806 de
766 3729 906 3804 Seresti
923 3724 1150 3820 blasphemiis
1166 3751 1223 3796 re-

234 3854 442 3962 spondistis,
473 3861 508 3918 et
530 3843 698 3935 pietatem
725 3863 766 3908 ac
795 3834 927 3906 iudicia
952 3845 1067 3902 vestra
1097 3831 1221 3920 probo.

235 3965 357 4046 ludico
379 3955 483 4026 etiam
506 3945 676 4018 Senatum
702 3931 940 4010 Genevensem
970 3949 1063 4004 recte
1092 3932 1224 4014 fecisse,

260 4067 331 4144 uod
365 4053 548 4129 hominem
586 4043 802 4136 pertinacem
835 4053 870 4108 et
902 4063 975 4108 non
1009 4035 1222 4106 omissurum

235 4099 259 4170 (l

234 4155 471 4259 blasphemias
489 4147 632 4220 sustulit
648 4140 686 4238 ²).
739 4139 792 4214 Ac
812 4141 958 4210 miratus
974 4163 1070 4216 sum,
1098 4159 1170 4206 esse
1184 4131 1225 4229 ⁸),

237 4271 300 4370 qui
328 4257 549 4335 severitatem
577 4249 675 4318 illam
707 4245 921 4335 improbent.
983 4239 1091 4326 Mitto
1117 4239 1161 4306 de
1186 4259 1253 4361 cap

237 4365 442 4470 quaestione
468 4357 591 4424 breves
618 4347 789 4440 pagellas,
812 4348 871 4414 sed
893 4359 1010 4414 tamen
1031 4338 1226 4410 sententiae

238 4484 379 4546 nostrae
393 4471 498 4530 testes
516 4451 559 4550 ⁴).
609 4449 766 4540 Quidam
784 4462 919 4548 veteres¹
933 4444 1038 4516 amici
1064 4443 1131 4512 mei
1158 4441 1226 4509 mi-

246 4629 469 4660 Μ

272 4747 299 4812 t)
316 4740 364 4801 ae]
383 4732 445 4790 cod.
460 4729 523 4784 Par.
541 4735 577 4782 et.

239 4845 251 4861 ¹
272 4834 300 4896 ξ)
321 4817 494 4893 Supplicium
513 4813 547 4865 de
563 4807 695 4865 Micba'tle
715 4807 843 4870 Secreto,
869 4801 1005 4874 llispano,
1031 4807 1171 4870 sumptam
1190 4806 1229 4851 ext

306 4900 419 4946 exeunte
433 4883 532 4940 Oetbr.
546 4881 631 4948 1553,
648 4887 791 4948 postquam
804 4874 918 4927 Senatus
932 4868 1102 4926 Genevensie
1114 4877 1228 4920 seuten-

307 4953 563 5026 tiasTigurinorunc
579 4960 605 5002 et
618 4949 734 5002 aliorum
749 4941 900 4998 audiverat.

272 5051 300 5110 5)
321 5043 390 5102 Cod.
407 5041 468 5097 Par.
480 5053 540 5090 esse
553 5039 673 5103 aliquos.

272 5139 300 5206 t)
320 5127 469 5254 (querulos
486 5141 519 5176 an
534 5131 652 5192 potestas
666 5115 776 5191 politica
790 5114 884 5193 debeat
897 5107 1050 5162 haereticos
1066 5121 1127 5160 -e
1141 5102 1230 5159 medio

307 5197 415 5264 cc·
434 5186 751 5314 areauna
765 5174 1231 5306 attestataeart-0·

307 5268 613 5391 ppqppppquesponffis
630 5325 723 5380 Melan
751 5292 858 5376 :Pstt
880 5337 907 5390 p.
919 5269 981 5369 sti.
1017 5265 1154 5372 Dabimues
1165 5263 1231 5367 eediti

308 5407 336 5464 ‘tn
355 5399 557 5478 quaestionibus
571 5396 657 5454 Aut.

1259 983 1415 1050 vulnera.
1458 979 1557 1050 Bene
1572 995 1606 1052 et
1620 983 1773 1054 feliciter
1787 984 1885 1070 vale,
1910 978 2116 1053 charissime
2131 980 2247 1050 scater.

1256 1083 1325 1153 Die
1345 1083 1408 1160 20.
1427 1081 1577 1173 Augusti
1592 1080 1633 1180 ⁸).

1358 1233 1515 1306 Salutem
1532 1248 1615 1325 opto
1633 1225 1780 1314 J[Lelio
1796 1232 1854 1306 et”
1864 1228 1893 1328 ⁰)
1911 1233 2011 1304 robis
2026 1233 2208 1304 omnibus.

1261 1640 1327 1714 No.
1340 1637 1453 1714 5828.

1268 1738 1469 1772 Μ

1526 1835 1590 1926 Α.
1620 1837 1988 1950 Hordenbergio.

2078 1641 2236 1761 Q

1332 2019 1401 2092 Epp,
1415 2018 1448 2076 ad
1466 2017 1651 2088 ilardenberg.
1669 2037 1713 2092 ep.
1724 2017 1768 2072 86.

1440 2173 1497 2249 D.
1520 2174 1715 2249 Alderto
1742 2172 2087 2273 Hardebergio.

1265 2337 1313 2426 S.
1338 2347 1382 2419 D.
1433 2345 1641 2418 Reverende
1658 2347 1729 2432 vir,
1753 2361 1787 2417 et
1804 2349 1981 2420 carissime
1993 2352 2115 2425 trate'r.
2168 2349 2260 2424 Cum

1266 2466 1354 2524 esset
1378 2473 1503 2540 magna
1527 2451 1779 2520 dissimilitudo
1803 2451 2015 2542 opinionum
2038 2468 2123 2523 ante
2147 2479 2262 2526 annos

1265 2559 1338 2626 fere
1361 2553 1505 2643 triginta
1529 2552 1699 2642 inspectio
1718 2549 1954 2622 Ecclesiarum
1980 2556 2148 2646 praebuit
2174 2557 2262 2626 mihi

1267 2657 1484 2728 occasionem
1509 2655 1637 2724 edendi
1662 2679 1833 2722 summam
1852 2655 2033 2725 doctrinae
2058 2658 2108 2728 ita
2136 2661 2263 2731 recita-

1267 2777 1357 2840 tam,
1391 2770 1431 2826 ut
1453 2757 1584 2828 multae
1611 2757 1869 2827 controversiae
1891 2759 2202 2846 diiudicarentur,
2235 2777 2266 2832 et

1268 2873 1524 2930 monstraretur
1551 2861 1663 2928 forma
1694 2859 1867 2928 orationis
1891 2863 2032 2952 propria
2063 2863 2102 2930 in
2133 2865 2265 2936 cnnltis.

1265 2962 1355 3043 ,Eam
1374 2986 1448 3031 rem
1465 2963 1639 3054 profuisse
1657 2961 1699 3028 acl
1724 2961 2011 3032 coniunctionem
2030 2966 2268 3057 qualemcun-

1270 3089 1337 3158 que
1372 3063 1606 3133 Ecclcsiarnm
1640 3062 1810 3134 existimo.
1866 3061 1921 3131 llli
1953 3079 2070 3134 antem
2111 3071 2267 3148 vtrlncri,

1270 3169 1365 3262 quotl
1392 3161 1508 3236 adhuc
1533 3165 1718 3254 praecipue
1747 3165 1875 3234 lacerat
1899 3161 2096 3246 Ecclesias,
2132 3173 2264 3240 mederi

1271 3294 1342 3339 non
1362 3269 1472 3360 potui.
1524 3264 1588 3352 Et,
1619 3267 1711 3337 utin
1729 3289 1832 3356 aegro
1857 3291 2019 3359 corpore,
2046 3294 2126 3340 non
2148 3274 2254 3342 omnia

1272 3371 1444 3441 movenda
1468 3391 1541 3438 esse
1568 3369 1776 3458 cogitabam.
1842 3367 1986 3440 Utinam
2011 3385 2137 3442 autem
2160 3369 2252 3442 multi

1272 3476 1453 3543 studerent
1468 3487 1502 3542 et
1516 3473 1635 3540 fovere
1654 3483 1792 3538 teneras
1810 3465 2000 3556 Ecclesiae,
2030 3487 2065 3542 et
2083 3489 2261 3568 utcunque

1272 3575 1363 3646 tueri
1380 3568 1417 3670 ⁴)
1442 3573 1741 3644 coniunctionem.
1802 3571 1872 3642 Sed
1904 3574 2065 3643 videmus
2096 3581 2272 3670 quosdam

1274 3691 1412 3770 captare
1427 3677 1586 3769 undique
1603 3674 1803 3743 occasiones
1827 3675 1980 3744 faciendi
2003 3677 2164 3749 maiores
2183 3680 2277 3748 dila-

1274 3780 1479 3852 cerationes.
1519 3777 1560 3850 Si
1575 3776 1786 3846 nominatim
1804 3791 1924 3844 contra
1941 3801 1998 3845 me
2013 3779 2191 3864 scribant,
2218 3781 2278 3847 rel

1274 3895 1314 3953 ut
1331 3881 1448 3953 Stoica
1466 3879 1696 3949 deliramenta
1716 3891 1959 3970 propugnant,
1984 3881 2042 3949 vel
2056 3896 2095 3951 ut
2112 3879 2281 3980 dpcotu-

1274 3981 1400 4076 caetea
1422 3984 1652 4058 confirment,
1686 3980 1845 4064 decrevi,
1875 3977 1951 4050 Deo
1976 3980 2122 4054 iuvante
2149 3987 2195 4053 de
2221 3981 2282 4052 his

1275 4085 1436 4154 maximis
1451 4089 1556 4152 rebus
1573 4083 1741 4173 explicate
1755 4085 1979 4172 respondere,
2006 4084 2036 4151 si
2051 4087 2186 4160 vivam.
2233 4083 2283 4156 Et

1277 4189 1428 4256 libenter
1443 4210 1549 4255 senex
1564 4185 1666 4254 exilia
1683 4184 1883 4274 suscipiam,
1905 4197 1945 4254 ut
1960 4186 2131 4256 liberatus
2147 4211 2189 4257 ex
2208 4183 2286 4256 hoc

1278 4289 1471 4377 ergastulo,
1505 4290 1547 4356 ad
1576 4286 1813 4378 precationem
1839 4299 1873 4354 et
1896 4287 1939 4354 ad
1961 4291 2076 4356 studia
2103 4289 2188 4380 plus
2214 4284 2287 4357 ha-

1251 4364 1254 4490 Ι
1279 4395 1378 4460 beam
1409 4391 1588 4483 temporis.
1649 4387 1732 4458 Post
1756 4386 2111 4459 Francotordienscm
2135 4415 2290 4462 merca-

1280 4508 1353 4563 tum
1372 4493 1473 4583 plura
1493 4492 1536 4559 ad
1555 4503 1589 4558 te
1606 4492 1775 4572 scribam,
1807 4510 1877 4582 quo
1895 4515 1973 4560 cum
1989 4492 2058 4560 iam
2074 4493 2293 4582 proficisce-

1281 4611 1376 4664 retur
1392 4617 1490 4662 mens
1506 4615 1623 4681 gener,
1649 4605 1687 4680 ut
1704 4615 1820 4660 meum
1832 4592 1975 4660 fratrem
1992 4617 2225 4682 germanum,
2256 4609 2295 4663 ct

1281 4699 1366 4766 alios
1383 4697 1554 4788 quosdam
1568 4695 1662 4762 viros
1676 4695 1799 4762 doctos
1813 4693 2026 4786 alloquatur,
2045 4697 2128 4765 dedi
2149 4699 2179 4765 ei
2199 4699 2294 4766 lite-

1282 4821 1337 4869 ras
1353 4801 1395 4866 ad
1408 4791 1599 4877 Luscium,
1623 4796 1684 4889 qui
1700 4795 1935 4888 tranquillum
1955 4791 2152 4887 hospitium
2164 4798 2297 4868 Fran-

1292 4981 1515 4994 *un-u-

1316 5107 1345 5173 5>
1365 5104 1432 5160 Cod.
1446 5103 1522 5160 Pana
1541 5103 1593 5158 Die
1609 5103 1653 5158 26.
1668 5101 1873 5170 Augustianos
1889 5099 1963 5155 tsot.

1315 5208 1344 5277 6)
1362 5208 1439 5260 Μία
1452 5213 1492 5275 et]
1510 5205 1584 5261 addit
1598 5207 1659 5262 eod.
1673 5203 1736 5258 Par.

1316 5314 1343 5380 ⁴t)
1353 5309 1427 5436 spir.
1447 5307 1530 5363 edidit
1552 5301 1668 5375 teneri,
1684 5321 1736 5377 pro
1748 5321 1805 5376 quo
1826 5305 1906 5357 luet-t
1918 5301 2071 5363 adscibere
2087 5309 2185 5368 nullus
2200 5313 2304 5369 baesi-
