4620 6182
825 1356 1207 1450 ι1556.

83 1690 145 1763 Νο.
158 1685 256 1763 5906.
912 1699 944 1759 t.
957 1685 1022 1752 len.
1092 1676 1270 1752 humanae
1290 1677 1428 1761 induit,
1454 1689 1496 1748 ut
1516 1697 1581 1746 nos
1601 1675 1752 1750 insertos
1774 1698 1859 1748 snae
1874 1697 2008 1747 massae
2023 1699 2083 1767 ge-

74 1788 261 1828 m
899 1780 1028 1808 ’ἢ
1090 1796 1203 1854 stetet
1218 1792 1344 1853 servet.
1396 1776 1474 1850 Scis
1488 1779 1563 1870 ipse
1577 1779 1781 1870 impendere
1794 1801 1939 1870 magnas
1953 1801 2082 1872 reguo-

352 1881 430 1972 Ge.
457 1881 726 1998 Agricolae.
1090 1907 1170 1954 rum
1186 1885 1320 1956 ruinas.
1359 1877 1531 1953 Turcicos
1544 1881 1651 1952 duces
1664 1881 1702 1951 in
1714 1879 1901 1952 Pannonia
1916 1894 1952 1954 et
1963 1879 2081 1952 vicina

1087 1985 1233 2076 regione
1254 1983 1446 2078 procedere
1469 1997 1503 2054 et
1524 1983 1656 2053 nostris
1677 1983 1814 2078 eripere
1835 1983 1965 2054 multas
1984 2005 2081 2054 arces

638 2170 642 2182 ι
1089 2101 1123 2158 et
1136 2087 1266 2182 oppida
1282 2099 1416 2156 certum
1433 2097 1496 2156 est.
1547 2083 1685 2156 Interea
1705 2075 1860 2182 ἧλιςκαὶ
1871 2075 2081 2178 petiissent

257 2207 315 2288 D.
341 2204 520 2308 Georgi
528 2235 549 2282 o
574 2204 827 2306 Agricolae
1086 2183 1279 2283 ψεύδεται,
1305 2201 1346 2258 nt
1362 2187 1494 2256 dicitur
1510 2185 1548 2255 in
1566 2186 1676 2256 veteri
1690 2183 1966 2280 Epigramma,
2000 2181 2080 2256 Oro

482 2315 486 2326 ·
1087 2291 1201 2362 lilium
1212 2290 1281 2363 Dei
1303 2289 1484 2360 custodem
1502 2282 1679 2359 Ecclesiae
1699 2311 1784 2360 suae
1804 2302 1846 2360 ut
1867 2311 1933 2360 nos
1950 2289 2080 2379 guber-

59 2367 106 2456 S·
130 2377 169 2452 D·
214 2375 426 2450 Mil-“⁵5¹⁰‘'
447 2377 505 2448 Vir
535 2389 569 2448 Εἴ
593 2369 798 2452 ὠθΐῖθῦῖωθ
823 2379 951 2463 irater,
986 2375 1037 2450 Ul
1087 2405 1334 2465 uetetservet.
1371 2387 1593 2462 Commendo
1609 2389 1675 2461 tibi
1688 2384 1866 2476 Barium,
1890 2385 2079 2462 honestum

56 2483 192 2554 veniens
207 2503 321 2552 annua
341 2481 388 2552 sit
407 2481 542 2552 faustus
559 2493 593 2549 et
606 2479 691 2550 felix
708 2473 873 2552 Ecclesiis
888 2477 975 2566 Dei,
1001 2493 1036 2552 et
1087 2509 1122 2566 et
1150 2497 1293 2568 doctum
1327 2493 1457 2563 virum.
1516 2489 1614 2562 Bene
1646 2494 1736 2569 vale.
1795 2491 1889 2566 Cal..
1908 2489 2078 2568 lanuarii.

52 2609 167 2657 earum
188 2576 369 2676 hospitiis,
395 2595 431 2656 et
451 2582 586 2676 patriae
612 2595 754 2654 nostrae
774 2584 977 2670 universae,
1000 2595 1035 2654 et
1090 2593 1201 2672 1556,

50 2689 118 2760 tibi
130 2699 162 2757 et
177 2697 258 2756 tuae
273 2685 486 2782 domesticae
502 2679 692 2768 Ecclesiae,
715 2683 820 2757 iaciat
834 2683 949 2756 Filius
963 2685 1033 2757 Dei

49 2788 220 2861 Dominus
241 2799 363 2856 noster
384 2783 481 2857 lesus
503 2779 688 2871 Christus,
718 2800 835 2857 custos
854 2781 1034 2858 Ecclesiae

52 2913 154 2970 snae,
176 2887 233 2982 qni
254 2887 335 2960 ideo
356 2911 505 2960 massam
528 2901 675 2958 naturae
695 2881 872 2958 humanae
889 2889 1033 2958 adsum-

38 2991 135 3086 psit,
160 3005 196 3062 ut
214 3013 282 3060 nos
301 3005 469 3086 tanquam
492 2989 653 3061 surculos
675 3012 757 3059 suae
770 3013 904 3060 massae
919 2991 1034 3059 inser-

33 3109 111 3176 tos,
137 3105 248 3183 gestet
262 3105 297 3162 et
313 3107 445 3179 servet,
468 3093 560 3164 sicut
582 3089 718 3186 inquit:
745 3087 832 3187 Ego
848 3115 930 3163 sum
948 3089 1034 3162 vitis

129 2059 200 2131 Epist.
211 2059 257 2116 lib.
266 2053 302 2114 ll.
319 2075 346 2131 p.
354 2055 453 2130 seseq.
463 2057 519 2126 (sd.
536 2054 625 2112 bond.
644 2057 690 2111 lib.
703 2055 737 2112 ll.
754 2075 797 2132 ep.
811 2054 892 2126 Μ).

1086 3043 1277 3174 Q.

25 3189 499 3388 iiiiiliiiiihiii
516 3207 1034 3391 ttttt‘tttttttatf
1320 3229 1503 3320 Tesana
1532 3232 1591 3322 ae
1622 3231 1842 3324 coeno.

21 3401 192 3470 tionibus
215 3400 309 3469 votis
329 3411 506 3490 petamus,
540 3411 580 3468 ut
596 3393 709 3468 Pilius
724 3395 791 3467 Dei
812 3419 877 3468 nos
902 3399 1032 3490 guber-
1151 3393 1226 3463 ’τΕΙ
1241 3392 1441 3470 ⁸P⁰t¹³t¹²0³⁰
1456 3391 1788 3452 ⁰0¹¹·Ptflt·D·¹¹·⁶⁴'·

22 3516 112 3586 net,
140 3515 178 3572 et
202 3523 268 3571 nos
291 3499 425 3570 maiore
452 3515 535 3570 cura
560 3511 718 3570 nostram
743 3499 1030 3572 coniunctionem

21 3619 224 3687 tueamur,
249 3625 317 3697 qua
335 3605 378 3672 de
392 3625 431 3672 re
448 3601 583 3696 aliquid
604 3601 697 3692 leges
714 3601 752 3670 in
770 3598 1031 3688 adhortatione,
1419 3545 1738 3648 (Tm'mnium‘)

15 3730 139 3800 qnam
163 3703 291 3774 addidi
307 3703 555 3776 diiudicationi
576 3703 837 3775 controversiae
851 3699 1032 3777 Nors'ber-
1082 3695 1198 3782 Extat
1218 3705 1312 3798 apud
1326 3699 1545 3774 Clementem
1559 3695 1662 3777 Alex,
1681 3713 1780 3772 vetus
1798 3703 1958 3777 delinitio
1972 3707 2076 3780 iusti·

15 3805 178 3901 gensis,
206 3827 314 3902 quam
328 3804 442 3876 mitto.
492 3803 590 3876 Bene
609 3819 642 3876 et
659 3805 909 3878 lelicitervale.
954 3805 1031 3883 Cal.
1084 3813 1169 3886 tiae:
1194 3797 1413 3898 δικαιοσύνη
1433 3796 1511 3874 ἐστὶ
1530 3796 1711 3876 κοινωνία
1727 3801 1823 3876 θεοῦ
1833 3802 1929 3900 μετὰ
1951 3801 2073 3904 lodan·

15 3909 217 3994 lanuarii,
245 3903 483 3984 annotato.
1082 3938 1164 4003 τος,
1190 3907 1322 3980 iustitia
1345 3918 1398 3976 est
1414 3903 1581 3988 societas,
1607 3929 1676 3998 qua
1691 3926 1728 3974 se
1742 3903 1839 3978 Deus
1860 3909 1960 3980 vobis
1975 3936 2075 3982 com-

1083 4012 1242 4086 municat
1261 4033 1341 4080 cum
1365 4005 1624 4102 aequabilitate.
1675 3999 1745 4078 Hic
1762 4005 1862 4098 prior
1877 4033 1959 4101 pars
1973 4035 2075 4103 pcae-

1083 4117 1169 4212 cipit
1192 4111 1408 4206 agnitionem
1431 4105 1522 4192 Dei,
1549 4129 1619 4204 qua
1634 4106 1731 4180 Deus
1755 4107 1830 4202 ipse
1848 4111 1968 4184 radios
1989 4137 2073 4185 snae

15 4275 239 4404 Ἦ·
753 4321 755 4327 ’
894 4281 1037 4408 Q
1082 4334 1136 4392 ter
1168 4313 1332 4434 homines
1363 4311 1458 4383 tueri
1484 4312 1685 4432 ordinatam
1718 4313 1976 4434 acqpalitatem·
1996 4329 2073 4435 tum

265 4475 394 4562 aar.
421 4472 809 4589 maguam.
1083 4413 2074 4610 tettaeattestatae:”attalaia:

70 4639 450 4774 139„,‚·1;1,‚v1,p211,
491 4645 543 4707 ως
566 4667 598 4706 ez
623 4653 791 4724 ,mmm
814 4653 842 4708 a,
868 4652 932 4712 eod.
959 4653 1029 4708 nto·
1083 4617 1267 4698 Marcbiae
1282 4617 1579 4710 Tangermunda,
1611 4617 1716 4688 sciret
1736 4611 1900 4690 homines
1914 4623 2011 4694 nasci
2027 4625 2072 4698 ad

117 4740 197 4778 Μ·
213 4719 239 4778 ¹·
256 4737 284 4794 t·
297 4721 333 4775 ¹⁰
351 4757 358 4775 ·
1083 4725 1253 4798 iustitiam
1271 4721 1475 4806 colendam,
1500 4733 1685 4814 postquam
1703 4717 1861 4812 linguam
1878 4721 2025 4794 latinam
2041 4739 2074 4797 ct

1083 4829 1254 4900 elementa
1271 4815 1518 4920 philosophiae
1534 4821 1671 4907 didicit,
1698 4845 1834 4892 summa
1851 4847 1934 4896 cura
1952 4825 2074 4922 iuqui-

1082 4929 1167 5006 sivit
1180 4931 1295 5002 lontes
1316 4948 1420 4996 verae
1433 4923 1615 4994 doctrinae
1628 4923 1672 4994 de
1685 4921 1762 4994 Deo
1783 4921 1822 4994 iu
1835 4919 1994 5000 Ecclesia
2010 4927 2074 5000 lilii

1084 5033 1172 5118 Dei,
1204 5045 1244 5104 ut
1265 5039 1357 5102 recte
1380 5025 1522 5098 invocet
1548 5021 1676 5100 Deum.
1726 5021 1966 5118 Amplectitur
1991 5053 2075 5122 ergo

15 5183 28 5208 .
64 5129 129 5205 D.
202 5129 257 5204 Ut
279 5129 427 5203 veniens
451 5153 567 5202 annus
592 5133 637 5202 slt
658 5133 844 5206 lensenses
866 5135 973 5208 loeliic
997 5147 1032 5208 et
1085 5135 1327 5226 incorruptam
1341 5123 1526 5218 Evangelii
1546 5125 1761 5214 doctrinam,
1786 5130 2076 5224 etanimipieta·

15 5235 199 5306 :clesiis
230 5235 414 5306 nostriset
436 5255 557 5303 earnm
581 5229 744 5326 hospitiis
762 5249 797 5306 et
813 5237 879 5308 tibi
894 5251 928 5309 et
950 5251 1031 5310 tuae
1085 5253 1154 5308 tem
1177 5259 1258 5306 vera
1289 5229 1514 5303 invocatione
1533 5225 1603 5299 Dei
1629 5229 1668 5298 in
1691 5229 1871 5320 agnitione
1894 5245 1928 5302 et
1949 5231 2077 5304 fiducia

15 5337 209 5408 :clesiae
243 5335 476 5418 domesticae,
507 5335 613 5407 iaciat
643 5337 737 5407 filins
763 5335 829 5409 Dei
852 5338 1030 5411 Dominus
1086 5337 1301 5420 mediatoris,
1318 5331 1456 5404 domini
1470 5331 1585 5401 nostri
1605 5327 1632 5400 l.
1645 5329 1697 5417 C,
1722 5345 1758 5403 et
1773 5327 1920 5404 honesta
1935 5357 2077 5407 moruus

15 5453 132 5508 ister
166 5435 277 5508 lesus
300 5432 484 5521 Christus,
516 5439 579 5530 qui
610 5437 690 5508 ideo
711 5461 859 5512 massam
883 5455 1031 5514 naturae
1086 5439 1342 5532 gubernatione
1373 5433 1539 5506 declarat.
1591 5431 1730 5504 Deinde
1763 5433 1801 5502 in
1835 5433 1968 5528 scripto
2001 5437 2080 5512 inre

24 5547 267 5609 Μιιυτι.
284 5543 389 5610 Oen.
405 5543 486 5606 vos.
503 5541 591 5607 Vlll
1549 5529 1600 5626 42

15 4879 323 4976 lieronymo
339 4873 698 4973 Bomgartuero,
719 4875 895 4952 Senator-i
909 4873 1030 4976 incly-

310 4990 371 5062 tae
390 4977 496 5053 aron
509 4975 756 5076 Noribergus.

1082 4218 1171 4290 lucis
1188 4213 1226 4286 in
1241 4224 1376 4284 mentes
1390 4209 1466 4302 pias
1479 4208 1633 4302 spargit,
1657 4210 1767 4282 altera
1780 4235 1862 4304 pars
1877 4211 1994 4302 iubet,
2016 4215 2074 4289 in·
2209 4224 2214 4232 “
