4792 6186
2043 171 2055 196 l
2177 234 2258 310 740

211 244 287 320 ese
333 327 340 338 ,
744 183 748 192 ’
782 239 1220 326 nerseonannu
1270 159 1671 322 masinissa

219 432 422 506 contexere,
447 431 482 490 et
497 431 610 489 totum
631 417 829 490 aedilicium
853 433 970 494 mente
987 419 1207 514 contempla·
1242 430 1290 488 =et
1303 411 1442 509 phrasis
1455 412 1579 504 gignit.
1620 406 1669 488 Et
1683 411 1768 488 haec
1782 415 1958 488 sententia
1975 410 2057 486 culn
2074 423 2150 484 totu
2164 434 2251 480 cor·
2362 515 2363 518 Ἴ

218 524 270 606 ri,
296 535 330 592 et
351 523 391 592 in
413 521 531 590 verbis
554 521 716 593 retinere,
733 520 889 590 nativam
915 523 1206 614 significationem
1257 543 1344 608 pore
1358 511 1653 608 Propheticarum
1669 531 1705 588 et
1720 516 2005 610 Apostolicarum
2029 515 2250 586 concionum
2362 521 2363 524 ’

221 625 318 696 iuxta
356 617 503 717 phrasin
536 621 699 696 usitatam
734 618 923 714 Prophetis
956 640 990 696 et
1016 619 1209 716 Apostolis‚
1256 619 1438 710 congruit,
1473 645 1581 712 quam
1610 621 1760 694 retinuit
1787 631 1821 690 et
1840 616 2083 709 Augustinus,
2115 615 2253 730 etsiet

223 751 374 819 cumque
397 723 467 792 iam
491 723 696 814 cognoverit
720 723 805 816 quid
831 723 963 796 Paulus
987 727 1099 810 dicat5
1125 747 1207 796 narn
1259 723 1330 814 ipse
1346 735 1380 790 et
1394 720 1455 790 alii
1473 723 1636 814 quidam,
1662 723 1745 818 quia
1760 722 1798 790 in
1814 723 1993 815 loquendo
2009 717 2254 834 negligentiu-

224 830 268 898 ab
292 829 368 918 ipso
391 826 501 896 discet
522 825 609 918 quid
631 826 736 910 velit,
761 827 992 925 nonaffingct
1008 827 1211 920 peregrinas
1257 824 1687 901 1·csfuerunt,interdum
1703 823 1776 895 suis
1795 821 2080 894 enarrationibus
2095 833 2254 888 inurent
2364 887 2365 914 ,

225 927 514 1018 imaginationes,
541 927 738 997 intuebitur
761 942 878 998 rnente
899 931 1108 998 universum
1131 951 1209 998 cor·
1258 919 1515 1020 oitvpuluyiuc.
1564 924 1698 996 'Novus
1725 927 1900 1016 interpres
1920 917 2114 1016 Staphylus
2147 944 2255 990 nunc

1128 1053 1213 1198 qqo,
1259 1027 1443 1096 minitatur
1460 1025 1590 1095 nostris
1604 1023 1774 1110 Ecclesi'·
1785 1027 1965 1106 atrociter,
1991 1039 2026 1096 et
2045 1021 2186 1096 iactitat
2216 1045 2255 1091 se

227 1049 292 1120 pus
307 1029 487 1098 doctrinae
502 1023 734 1120 Propheticae
751 1041 785 1097 et
800 1025 1041 1122 Apostolicae,
1074 1029 1111 1097 in

226 1155 307 1200 cum
323 1130 496 1220 intelliget
510 1139 807 1200 consensum'esse
826 1147 1037 1224 perpetuum·
1052 1155 1131 1202 cum
1172 1153 1212 1198 ac
1257 1130 1334 1197 fore
1351 1130 1566 1196 adsertorem
1584 1128 1884 1222 interpretationis
1892 1141 2070 1209 veterum,
2088 1124 2257 1216 quicum

225 1233 331 1304 Pauli
348 1231 527 1314 doctrina,
550 1227 642 1300 nibil
662 1231 839 1303 dubitabit
862 1227 953 1303 haenc
976 1257 1048 1302 esse
1071 1245 1211 1332 senten·
1259 1253 1319 1299 sua
1337 1229 1501 1324 mysteria
1518 1229 1690 1320 proferet,
1707 1225 1886 1304 iudicabit
1896 1226 2076 1308 Ecclesia,
2101 1223 2255 1295 utPau-

228 1335 314 1404 tiam
337 1329 457 1418 Pauli,
483 1357 589 1426 quam
612 1333 722 1424 ipsius
747 1335 859 1407 oratio
883 1349 917 1405 et
941 1335 1109 1404 continua
1131 1357 1211 1424 par·
1260 1333 1316 1401 lus
1340 1331 1467 1424 inquit.
1517 1327 1567 1400 Et
1589 1354 1652 1420 ego
1673 1355 1731 1402 me
1753 1333 1870 1424 ipsum
1890 1345 1924 1401 et
1937 1325 2033 1400 banc
2048 1329 2256 1397 enarratio-

230 1435 320 1506 tium
345 1436 450 1504 series
472 1435 593 1524 gignit.
647 1435 793 1508 Auferet
812 1435 916 1506 etiam
934 1437 1044 1506 lector
1058 1450 1211 1504 mentem
1261 1457 1341 1500 nem
1350 1429 1531 1524 Epistulae
1543 1431 1665 1518 Pauli,
1682 1439 1715 1502 et
1730 1448 1842 1504 cetera
1858 1455 1935 1502 mea
1951 1433 2080 1523 scripta
2098 1431 2253 1500 subiicio

230 1561 305 1605 non
327 1539 528 1628 profanam,
562 1561 634 1604 non
667 1553 841 1610 amantem
870 1532 1105 1630 sophistices,
1138 1561 1210 1607 non
1261 1535 1392 1603 iudicio
1409 1534 1550 1625 piorum
1565 1549 1600 1604 ct
1614 1535 1837 1606 eruditorum
1851 1536 2010 1604 virorum
2025 1534 2063 1601 in
2081 1527 2250 1602 Ecclesiis

230 1641 405 1708 furentem
422 1637 618 1708 ambitione
632 1651 666 1708 et
681 1640 785 1724 odio,
809 1641 870 1708 sed
886 1640 1068 1710 timentem
1085 1637 1212 1724 Deum,
1260 1635 1408 1720 uestris,
1440 1649 1592 1728 quarum
1612 1651 1697 1728 opto
1721 1653 1903 1709 aeternnm
1928 1658 2246 1716 currsensumesse,

231 1723 407 1810 amantem
426 1739 602 1824 veritatis,
626 1755 850 1832 quaerentem
876 1766 977 1810 veras
1000 1739 1211 1810 consolatio-
1262 1763 1330 1832 qua
1346 1739 1383 1804 in
1402 1761 1439 1806 re
1456 1737 1567 1808 miror
1584 1739 1736 1830 impetus
1747 1741 1991 1832 quorundam,
2013 1737 2080 1831 qui
2093 1761 2167 1806 curn
2182 1737 2239 1804 fo-

230 1863 292 1909 nes
314 1840 350 1909 in
373 1839 603 1909 conversione
624 1855 657 1910 et
679 1841 854 1911 volentem
870 1843 984 1914 Deum
1002 1857 1094 1913 recte
1109 1842 1213 1912 invo-
1262 1840 1311 1908 ris
1326 1839 1484 1931 undique
1501 1838 1606 1910 cincti
1623 1841 1734 1910 simus
1754 1837 1945 1912 hostilibus
1957 1838 2174 1917 exercitibus,
2198 1851 2230 1905 et

133 1987 138 1995 ·
231 1965 328 2026 care,
360 1943 539 2011 dolentem
563 1937 667 2010 etiam
691 1958 834 2034 propter
855 1939 1032 2015 Ecclesiae
1055 1943 1214 2028 vulnera,
1263 1941 1399 2030 maguis
1416 1952 1449 2010 et
1466 1939 1633 2027 diversis,
1658 1956 1776 2014 tamen
1799 1943 1945 2035 privatis
1968 1941 2161 2012 adfectibus
2174 1943 2234 2008 do·

225 2067 322 2140 ‚quae
337 2043 448 2132 magis
463 2043 642 2138 magisque
657 2045 856 2115 lacerantur
872 2061 908 2118 et
922 2047 1007 2117 odio
1033 2064 1066 2118 et
1080 2041 1213 2138 Sophi-
1263 2042 1405 2112 mestica
1421 2042 1721 2135 bellaquaerunt,
1745 2045 1900 2116 aliialia.
1951 2041 2049 2116 Hinc
2072 2039 2246 2112 noe-Pon-

231 2147 336 2230 stica,
360 2167 462 2235 saepe
484 2143 587 2214 etiam
608 2145 752 2216 lectioni
766 2148 968 2228 miscentem
986 2149 1155 2238 gemitus,
1180 2161 1215 2218 et
1263 2143 1362 2216 tilicii
1378 2144 1567 2234 scriptores
1584 2145 1745 2217 instructi
1771 2147 1942 2236 ingeniis,
1964 2145 2195 2238 eloquentia,
2221 2161 2248 2214 et

231 2260 425 2339 petentem,
449 2259 489 2316 nt
505 2270 523 2314 a
538 2243 615 2318 Deo
630 2251 817 2334 doceatur,
832 2265 872 2320 ut
886 2246 1062 2342 Propheta
1079 2249 1212 2342 inquit:
1264 2244 1471 2316 auctoritate
1485 2260 1715 2337 oppugnant,
1737 2247 1846 2318 Polus
1862 2250 1899 2318 in
1917 2246 2067 2336 Anglia‚
2083 2241 2204 2318 Ocius
2218 2249 2248 2316 in

231 2351 286 2416 fac
304 2371 382 2417 cum
399 2371 499 2417 servu
517 2361 579 2417 tuu
598 2351 791 2418 secundum
812 2351 1094 2420 misericordiam
1116 2363 1212 2423 tuam
1265 2345 1436 2430 Pulonia,
1459 2343 1624 2417 Canisius
1638 2349 1678 2416 in
1695 2351 1860 2434 Austria,
1886 2349 2052 2422 Ruardus
2076 2348 2118 2416 in
2133 2347 2252 2440 Belgi-

233 2446 268 2520 'et
292 2447 555 2520 iustificationes
577 2465 653 2520 tuas
676 2453 762 2520 doce
785 2475 852 2526 me.
905 2450 1005 2520 Talis
1027 2451 1057 2520 si
1076 2451 1143 2520 erit
1162 2451 1214 2518 le-
1266 2471 1326 2526 co,
1354 2444 1562 2537 Grupperus
1583 2447 1783 2520 Cardinalis
1805 2453 1844 2522 in
1861 2451 1976 2523 Ubiis.
2026 2447 2077 2522 Et
2091 2456 2252 2543 quotidie

233 2565 328 2635 ctor,
353 2563 393 2622 ut
409 2549 501 2634 dixi,
516 2564 610 2638 reget
626 2549 701 2619 eius
716 2565 870 2622 mentem
886 2549 983 2623 Deus
999 2568 1033 2626 et
1047 2547 1114 2622 hac
1130 2539 1215 2621 v'oce
1266 2548 1463 2618 invitantur
1476 2549 1602 2637 opibus
1619 2549 1814 2622 Pontificiis
1839 2554 1925 2638 alii,
1949 2567 1988 2624 ut
2002 2555 2044 2622 ad
2063 2553 2252 2627 florentem

234 2652 658 2736 doctrinaeetlucesua,
683 2653 1214 2727 uedeerrctaverasententia.
1266 2651 1447 2721 fortunam
1478 2673 1514 2721 se
1546 2651 1751 2742 adiungunt.
1818 2655 1921 2724 lllinc
1956 2657 2119 2725 inferunt
2155 2658 2254 2727 nobis

233 2749 287 2822 Ac
309 2755 353 2822 de
376 2777 433 2821 me
457 2777 532 2824 non
555 2753 666 2824 multa
692 2754 825 2836 dicam,
850 2750 919 2826 hoe
938 2779 1024 2848 ago,
1050 2771 1215 2846 utmem-
1267 2752 1358 2822 bella
1374 2751 1515 2822 fanatici
1543 2747 1725 2837 homines,
1749 2755 1886 2826 inimici
1900 2757 2093 2828 ministerii
2107 2761 2254 2849 publici,

232 2855 380 2925 brorum
402 2855 564 2924 ordinem
586 2855 788 2943 ostendam,
820 2871 854 2927 et
875 2882 1059 2944 moneam,
1085 2883 1131 2928 ne
1151 2857 1216 2928 ab·
1267 2851 1537 2944 Anabaptistae‚
1562 2867 1596 2924 et
1613 2857 1715 2924 multi
1731 2881 1874 2928 errones
1893 2875 1925 2930 et
1938 2861 2140 2950 lucifugae,
2161 2885 2253 2953 spar-

234 2955 376 3027 iiciatur
392 2957 512 3028 nativa
528 2955 735 3046 significatio
751 2959 960 3046 verborum,
983 2975 1017 3032 et
1038 2961 1143 3030 iubeo
1170 2959 1216 3028 ab
1268 2969 1387 3044 gentes
1409 2957 1567 3045 contagia
1586 2955 1773 3031 Servetica.
1822 2957 1871 3030 Et
1894 2961 2145 3032 Stenkfeldius
2167 2962 2253 3034 Cen·

235 3061 311 3150 ipso
330 3057 443 3128 Paulo
466 3057 675 3128 senteutiam
698 3059 786 3152 peti,
812 3069 886 3131 non
911 3063 1017 3154 gigno
1039 3064 1137 3132 aliud
1157 3083 1217 3151 ge-

234 3183 303 3230 nus
320 3159 518 3246 doctrinae,
543 3173 578 3231 et
596 3161 714 3232 iudico
732 3185 924 3250 congruere
948 3177 1056 3236 totam
1070 3187 1217 3234 enarra-

234 3263 368 3331 tionem
388 3275 544 3332 nostram
562 3287 642 3332 cum
665 3265 884 3334 confessione
896 3261 1135 3336 Ecclesiarum
1150 3290 1218 3334 no-

236 3376 409 3448 strarum,
434 3387 452 3432 a
468 3387 537 3456 qua
550 3389 624 3434 non
643 3363 796 3438 discedo.
847 3365 943 3436 Fons
958 3383 1010 3438 est
1023 3369 1117 3436 enim
1133 3391 1220 3436 con-

234 3463 396 3534 fessionis
417 3459 654 3535 Ecclesiarum
685 3478 883 3536 nostrarum
913 3465 1017 3538 Pauli
1047 3469 1219 3541 doctrina.

236 3563 364 3635 Fateor
380 3581 515 3651 autem,
545 3579 655 3638 tutam
676 3561 769 3638 hanc
791 3569 1050 3638 enarrationem
1078 3571 1221 3640 tenuiu-

236 3690 311 3736 rem
329 3689 401 3738 esse
418 3669 653 3760 amplitudine
666 3667 952 3786 sapientiaeDei,
977 3671 1220 3742 concionantis

238 3793 322 3838 voce
344 3763 559 3862 Apostolica.
611 3769 680 3842 Sed
703 3783 820 3841 tamen
843 3773 958 3844 aliena
981 3771 1134 3845 aPaulo
1159 3787 1221 3845 aut

237 3871 432 3962 pugnantia
446 3873 563 3942 dicere
575 3895 799 3966 nequaquam
814 3875 924 3949 volui.

343 3967 443 4057 Scio,
467 3975 598 4058 multos
622 3977 820 4067 disputare,
846 3977 885 4044 iu
909 3977 1132 4046 enarratione
1151 3973 1221 4046 hu·
1252 4017 1255 4020 ·

243 4074 297 4142 ius
314 4072 496 4162 Epistulae
512 4097 584 4144 esse
599 4077 839 4168 quaestionem
855 4081 1050 4173 suddiaconi
1061 4075 1125 4151 καὶ
1139 4075 1220 4150 dtu-

240 4171 356 4253 νοίας.
407 4173 457 4247 Et
471 4177 657 4250 discedunt
672 4173 848 4262 Thomas,
872 4176 1002 4252 Asotus
1021 4193 1055 4250 et
1075 4181 1220 4266 similes,

244 4299 264 4344 a
286 4279 460 4348 sermonis
482 4281 714 4371 proprietate,
744 4293 778 4348 et
801 4297 976 4378 quaerunt
999 4283 1219 4372 peregrinam

245 4379 472 4464 sententiam,
504 4393 539 4451 et
556 4381 728 4451 mutilant
745 4395 779 4452 et
803 4399 1034 4475 corrumpunt
1060 4383 1222 4469 Paulum,

246 4480 385 4552 dieunt:
413 4483 482 4552 lide
502 4505 622 4552 sumus
643 4483 744 4567 iusti,
771 4483 904 4554 scilicet
925 4486 1085 4554 formata.
1136 4486 1222 4556 Sine

247 4581 431 4668 operibus,
459 4585 591 4655 scilicet
609 4583 913 4656 ceremonialibus.
963 4581 1011 4656 Et
1035 4601 1118 4656 stent
1142 4589 1223 4679 plu-

247 4701 304 4748 res
319 4687 554 4776 corruptelae,
580 4687 770 4780 dequibus
788 4687 826 4754 in
842 4688 915 4779 ipsa
932 4687 1155 4757 enarratione
1168 4690 1223 4759 di-

1268 3059 1424 3127 timanus
1440 3073 1510 3141 est,
1537 3054 1641 3130 lrabet
1657 3060 1787 3130 milites
1801 3063 1949 3152 passim,
1973 3065 2035 3156 qui
2050 3064 2171 3154 ipsius
2193 3093 2250 3136 nu·

1269 3159 1365 3228 mine
1380 3183 1454 3230 nun
1472 3161 1586 3230 sol'urn
1607 3161 1733 3251 scripta
1750 3180 1938 3253 epar-germ,
1961 3167 2021 3234 sed
2039 3167 2154 3238 etiam
2170 3171 2248 3238 sedi·

1269 3260 1383 3331 tiones
1411 3275 1573 3339 movent,
1606 3262 1769 3334 iactitant
1801 3267 1971 3348 adflator,
2003 3281 2039 3337 et
2075 3271 2245 3341 abducunt

1270 3357 1466 3432 hominesa
1486 3361 1628 3454 publico
1642 3365 1860 3452 ministerio,
1884 3381 1918 3439 et
1941 3370 2137 3444 electione
2148 3391 2174 3442 et
2186 3397 2230 3440 eu

1271 3463 1440 3554 gitationc
1463 3463 1656 3534 doctrinae.
1722 3465 1773 3536 Ac
1798 3492 1894 3539 nuuc
1920 3493 2065 3564 quoque
2091 3479 2237 3544 adsersus

1272 3591 1327 3633 me
1344 3566 1447 3634 editis
1462 3566 1598 3657 aliquot
1616 3567 1761 3656 pagellis
1776 3573 1922 3640 nunrine
1936 3572 2179 3658 Stenkfeldii,
2200 3601 2245 3646 re·

1272 3669 1402 3758 petitur
1420 3667 1478 3736 ille
1495 3664 1724 3758 κοκκυσμὸς,
1752 3673 1947 3760 gratissima
1963 3679 2149 3750 cantilena
2162 3683 2253 3752 fana-

1272 3769 1349 3839 ticis
1367 3763 1587 3837 hominibus:
1614 3766 1696 3838 Non
1719 3773 1929 3862 cogitatione
1951 3779 2104 3869 scriptae
2129 3785 2256 3852 doctri·

1273 3896 1338 3938 nae
1357 3867 1472 3938 Deum
1497 3871 1758 3944 communicare
1781 3897 1817 3943 se
1844 3871 2031 3948 huminum
2065 3887 2257 3962 mentibus,

1273 3974 1330 4040 sed
1350 3972 1427 4040 sine
1444 3972 1571 4042 medio.
1625 3969 1791 4046 Attulies
1808 3976 1933 4048 iubent
1948 3981 2260 4074 nusProplrcticae

1273 4087 1307 4144 et
1330 4075 1552 4164 Apostolieae
1574 4079 1768 4146 sententiae
1797 4079 1835 4146 in
1855 4082 2024 4152 omnibus
2056 4087 2259 4170 doloribus,

1274 4177 1309 4244 in
1335 4175 1543 4245 testimoniis
1569 4177 1718 4266 scriptae
1743 4181 1924 4250 doctrinae
1946 4183 2262 4260 voluntatem-Dei

1273 4277 1514 4361 considerare,
1538 4277 1625 4346 sient
1644 4278 1679 4346 iu
1695 4278 1833 4348 Psalmo
1849 4284 1998 4352 dicitur:
2025 4287 2175 4358 lucerna
2206 4319 2262 4383 pe-

1274 4379 1379 4450 dibus
1392 4379 1477 4446 meis
1494 4380 1640 4448 verbum
1657 4393 1768 4454 tuum.
1820 4383 1894 4453 Nec
1912 4409 1975 4473 ego
1993 4387 2140 4477 ignoro,
2170 4419 2265 4484 quo-

1274 4483 1379 4550 modo
1396 4475 1481 4548 haec
1498 4480 1591 4550 dieta
1611 4482 1769 4552 eludant.
1821 4484 1890 4556 Sed
1914 4508 2009 4558 istanc
2032 4492 2159 4562 omitto
2192 4499 2265 4564 clis-

1273 4583 1504 4674 putationem.

1380 4683 1469 4752 tltoa
1488 4698 1590 4772 opto,
1611 4698 1650 4756 ut
1669 4686 1799 4774 singuli
1816 4689 2024 4776 cogitemus,
2040 4717 2132 4786 quae
2145 4713 2187 4770 et
2202 4703 2265 4770 ubi

249 4779 358 4855 cetur.
407 4781 539 4878 Aperte
561 4789 684 4858 reficio
710 4789 786 4858 illas
802 4790 1002 4878 peregrinas
1016 4789 1225 4882 interprera-
1273 4787 1318 4854 sit
1330 4781 1487 4856 Ecclesia
1496 4782 1585 4870 Dei,
1604 4801 1639 4858 et
1654 4812 1734 4856 cum
1752 4803 1890 4860 nostros
1906 4805 2026 4863 coetus
2044 4819 2168 4865 veram
2191 4825 2265 4878 esee

250 4885 381 4967 tiones,
417 4888 489 4956 sive
523 4890 594 4960 sint
621 4885 808 4980 Origcnis,
841 4892 914 4959 sive
941 4888 1120 4974 Thomae,
1153 4893 1225 4961 sive
1272 4884 1466 4958 Ecclesiam
1487 4884 1766 4968 Deieciarnus,¹
1788 4891 2075 4971 coniunctionem
2097 4917 2264 4972 cicestram

249 4983 419 5058 Osiandri
437 4988 685 5082 synecdochae.
735 4991 883 5075 Pateor,
909 5017 965 5060 me
983 4994 1027 5062 ab
1042 4988 1099 5062 lais
1116 4990 1227 5060 hosti·
1272 4989 1444 5061 omnibns
1466 4989 1532 5077 piis
1561 4989 1685 5060 assuta
1709 5005 1882 5065 tueamur.
1942 4992 2021 5064 Etsi
2053 5011 2179 5086 autem
2212 5007 2267 5074 in-

251 5089 316 5156 bus
334 5089 473 5160 nativae
491 5095 682 5164 sententiae
697 5091 801 5164 Pauli
817 5095 1021 5175 dissentire,
1046 5107 1080 5164 et
1095 5095 1228 5180 iudico,
1271 5091 1367 5180 genti
1384 5091 1506 5163 dolure
1526 5091 1688 5174 adficior,
1714 5091 1854 5162 intuens
1867 5107 1986 5166 tantas
1996 5098 2267 5190 dissipationes,

252 5202 390 5258 nostras
415 5187 588 5264 Ecclesias
613 5191 655 5267 cd
683 5191 793 5290 ῥητὸν
819 5220 893 5266 nun
922 5191 1133 5286 sophistice,
1167 5197 1226 5266 sed
1272 5206 1407 5272 tamen,
1431 5213 1512 5261 curn
1531 5191 1624 5262 iuter
1639 5194 1724 5264 tales
1739 5194 1868 5266 fluetus
1890 5198 1930 5264 in
1942 5221 2071 5286 genera
2096 5198 2263 5276 humano
2364 5277 2365 5280 Ἴ

252 5305 344 5360 recte
365 5293 532 5377 retinere,
565 5311 599 5366 et
624 5319 696 5368 esse
711 5293 813 5382 Pauli
835 5297 1043 5390 discipulas,
1062 5322 1107 5386 ¹ac
1130 5298 1229 5390 sequi
1271 5315 1374 5360 verae
1406 5288 1584 5362 Eulesiae
1618 5296 1778 5387 cymbam
1809 5320 1947 5388 serrrper
1979 5296 2061 5370 vehi
2096 5307 2264 5390 sciamus,

250 5397 405 5471 nativam
428 5399 657 5480 sententiam,
689 5425 793 5494 qnam
817 5401 1006 5472 verborum
1035 5399 1231 5490 proprietas
1271 5394 1370 5468 cuius
1384 5393 1600 5484 gubernator
1620 5407 1673 5466 est
1695 5395 1789 5465 lilius
1802 5397 1888 5485 Dei,
1912 5400 2046 5472 etiamsi
2067 5410 2261 5500 remigium
