4814 6172
779 239 1210 325 EPISTOLARUM
1257 237 1363 312 LlB.
1388 236 1469 316 xtl.
1524 239 1656 318 1554.
2166 239 2245 312 296

1245 424 1321 496 tur,
1347 411 1653 506 colloquerentur,
1680 425 1714 484 ct
1736 411 1969 484 convenirent
1993 412 2037 482 de
2062 425 2156 482 certo
2183 433 2244 480 re-

1247 535 1377 604 sponso
1401 513 1518 582 dando
1544 511 1704 598 Caesari,
1730 515 1760 584 si
1784 537 1849 584 nos
1871 537 1993 586 rursus
2009 515 2053 584 de
2068 513 2244 604 religione

203 653 303 731 prum
326 637 371 706 de
392 633 630 706 controversia
651 623 857 710 Ostandri,
885 653 964 698 cum
983 629 1027 696 ad
1051 646 1193 694 nosve·
1247 616 1416 684 mutanda
1441 614 1667 707 interpellere
1691 617 1813 701 vellet3
1843 618 1940 709 quod
1963 615 2065 687 brevi
2079 617 2245 685 futurum

203 742 357 824 nissent,
384 749 417 806 et
432 737 628 827 exemplum
643 733 725 802 libri
743 733 918 824 petebant.
953 727 1078 798 Meum
1096 725 1195 796 codi-
1247 717 1433 788 timebant.
1467 711 1545 806 Ego
1562 729 1680 787 tamen
1695 733 1813 810 postea
1831 718 1994 809 privatim
2011 741 2091 788 cum
2107 715 2152 790 D.
2170 715 2247 788 Va-

205 867 279 914 cem
297 840 427 912 tradidi
443 836 600 908 Domino
615 829 777 908 Pastori.
829 831 869 904 Si
892 832 1001 922 igitur
1016 830 1111 922 apud
1132 847 1195 895 vos
1248 819 1384 887 lentino
1401 811 1520 888 Pacta
1535 819 1691 906 locutus,
1716 819 1893 904 intellexi,
1915 816 2110 911 Episcopus
2124 815 2249 888 Mers-

206 957 377 1038 quaerent
390 940 607 1032 exemplum,
634 951 771 1028 petatur
785 958 885 1005 meus
904 932 1109 1004 codean.
1125 928 1195 998 Pa.
1248 921 1506 1010 ‹teburgensem
1542 935 1576 992 ct
1602 935 1763 992 nostrum
1797 916 1904 992 huius
1939 934 2134 990 conventus
2166 944 2248 988 non

205 1060 311 1116 stote.
360 1039 493 1114 Eadem
509 1043 553 1110 de
569 1041 664 1110 read
679 1031 843 1108 Paulam
864 1036 1000 1127 scripsi.
1052 1031 1195 1120 Quaeso
1248 1021 1356 1090 fuisse
1380 1021 1533 1112 ignaros.
1583 1019 1676 1092 Cum
1700 1037 1818 1096 autem
1840 1019 2249 1094 ultraoctodiesPala-

205 1143 445 1238 inhospitalis
462 1143 576 1214 officia
593 1137 676 1211 huic
691 1141 797 1210 veteri
815 1139 929 1208 amico
944 1149 1066 1206 nostro
1074 1131 1118 1207 D.
1128 1128 1197 1202 Ia·
1250 1124 1407 1192 tinorum
1428 1121 1850 1214 etWinenhergansium
1866 1128 2071 1210 adventum,
2095 1136 2135 1194 ut
2149 1124 2249 1194 fere-

207 1247 292 1318 cobo
307 1247 481 1320 tribuatis.
533 1244 646 1315 Paulo
665 1243 805 1334 scripsi,
830 1254 870 1312 ut
885 1241 1066 1309 vobiscum
1091 1237 1137 1306 sit
1157 1237 1197 1304 in
1249 1227 1373 1310 batur,
1405 1228 1535 1296 lrustra
1564 1241 1816 1318 expectassent,
1850 1240 2064 1316 paraverunt
2092 1225 2251 1307 abitum,

206 1375 314 1422 coena
332 1363 367 1421 et
382 1347 543 1440 prandio.
579 1345 696 1416 Tuam
714 1345 896 1434 epistolam
912 1336 988 1409 heri
1004 1339 1132 1430 accepi,
1159 1339 1197 1406 in
1250 1327 1371 1397 relicta
1396 1322 1454 1398 hic
1476 1326 1576 1418 copia
1594 1329 1714 1420 scripti
1732 1329 1937 1412 cuiusdam,
1963 1329 2059 1422 quod
2076 1329 2253 1398 dicebant

205 1477 274 1548 qua
291 1465 366 1523 erat
384 1450 585 1520 dulcissima
600 1448 756 1516 narratio
774 1448 817 1514 de
832 1443 943 1513 liliolo
960 1455 1093 1512 nostro.
1144 1437 1197 1510 De
1250 1451 1424 1498 summam
1459 1451 1603 1514 eorum,
1640 1455 1730 1524 quae
1763 1425 1821 1500 hie
1855 1431 2009 1520 egerint,
2049 1429 2251 1504 continere.

205 1555 350 1626 caeteris
373 1575 503 1626 coram.
562 1549 673 1641 Spero
700 1549 793 1618 enim
821 1570 886 1616 nos
907 1544 1066 1636 proxima
1089 1543 1198 1634 septi·
1250 1529 1329 1600 Hoc
1346 1531 1515 1623 scriptum
1533 1531 1621 1620 legi,
1653 1535 1714 1602 sed
1732 1531 1886 1604 ieiunius
1901 1527 1992 1602 mibi
2010 1533 2253 1604 videbaturet

207 1682 311 1728 mana
333 1657 509 1726 redituros
533 1677 617 1724 esse,
670 1646 747 1720 Oro
770 1649 883 1720 filium
906 1643 990 1731 Dei,
1016 1661 1057 1716 ut
1078 1669 1140 1716 vos
1164 1659 1199 1714 et
1251 1631 1441 1722 indignum
1471 1645 1649 1703 tantorum
1672 1631 1936 1723 Tlreologorum
1961 1647 2143 1704 conventu
2165 1647 2251 1704 tan-

207 1784 271 1830 nos
292 1769 407 1828 servet
431 1769 465 1826 et
489 1755 672 1844 gubernet.
728 1749 825 1820 Bene
848 1764 882 1822 et
902 1748 1051 1820 feliciter
1076 1749 1198 1818 valete.
1252 1735 1366 1827 tisquc
1381 1734 1567 1825 impensis,
1594 1749 1629 1806 et
1642 1737 1764 1807 multis
1778 1737 1931 1828 suspicio
1946 1749 1998 1806 cst
2014 1749 2110 1818 orta,
2137 1735 2250 1806 aliam

206 1859 274 1930 Die
289 1857 423 1931 XXIV.
435 1851 540 1929 Maii.
650 1895 655 1904 ·
1252 1838 1359 1906 luisse
1376 1831 1482 1905 buius
1500 1852 1695 1907 conventus
1714 1861 1864 1912 causam.
1918 1837 2055 1908 Tamen
2071 1832 2249 1908 hocscri-

1252 1951 1352 2030 ptum
1365 1937 1491 2008 Pastor
1505 1952 1624 2009 noster
1638 1938 1732 2029 Mag.
1749 1932 1927 2008 Michael
1938 1931 2241 2008 Deutzsclzmaaa

1056 2063 1194 2072 ··”-·
1253 2040 1398 2110 domino
1431 2038 1604 2129 Magistro
1638 2036 1798 2110 Stoltzio
1825 2040 2011 2110 vinariam
2038 2043 2245 2126 transmisit,

836 2203 865 2267 d·
884 2206 929 2267 27
996 2205 1008 2261 l
1026 2207 1069 2267 28
1095 2194 1200 2276 Mn..)
1252 2141 1314 2236 qui
1338 2141 1375 2210 id
1401 2139 1444 2214 T.
1458 2137 1502 2215 E.
1529 2144 1720 2212 missurum
1741 2167 1778 2214 se
1799 2143 1991 2228 scribebat,
2024 2156 2059 2212 et
2081 2159 2124 2216 ut
2145 2168 2249 2238 spero

812 2200 1197 2333 Q
1254 2267 1351 2312 nunc
1371 2243 1512 2334 accipis.
1564 2243 1671 2314 Plura
1687 2258 1748 2316 aut
1762 2246 1931 2332 certiora,
1957 2245 2164 2316 doctissime
2185 2248 2255 2332 vir,

306 2403 357 2492 Α
637 2402 755 2495 dm
819 2406 828 2426 ,
923 2402 990 2488 m
1058 2405 1066 2422 .
1253 2347 1301 2464 de
1315 2339 1382 2413 hoc
1397 2357 1575 2415 conventu
1590 2369 1652 2437 ego
1668 2347 1820 2418 scribere
1835 2371 1909 2417 uon
1925 2369 2087 2440 possum5
2115 2349 2146 2417 si
2163 2373 2253 2419 vero

285 2407 306 2518 i
357 2431 583 2521 ¹¹⁰¹¹dim¹¹⁸
605 2431 635 2488 a
754 2432 905 2490 amum
987 2399 1120 2520 yria)
1255 2470 1379 2515 scirem
1403 2460 1438 2516 et
1459 2469 1617 2537 possem,
1651 2473 1792 2519 omnem
1823 2473 1966 2539 operam
1990 2463 2025 2520 et
2050 2449 2255 2542 impensam
2300 2503 2304 2512 .

278 2577 355 2652 'stis
369 2579 523 2652 apographo
535 2577 563 2632 tn
576 2579 639 2634 cod.
654 2577 728 2632 Getti
742 2578 762 2634 t.
782 2579 929 2648 p.181.--
963 2577 1127 2648 Quanquam
1143 2593 1200 2628 non
1254 2547 1485 2618 libentissime
1510 2549 1762 2641 impenderem.
1819 2549 1910 2620 Nam
1934 2563 1968 2620 et
1990 2574 2052 2642 ego
2075 2553 2257 2642 suspicor,

313 2648 416 2702 dictum
437 2659 478 2702 est
496 2650 555 2719 quis
577 2647 715 2720 scripserit
736 2647 806 2703 banc
825 2645 984 2716 epistolam,
1006 2656 1033 2700 et
1045 2647 1089 2700 cui
1103 2645 1202 2712 scripta
1255 2651 1349 2726 sicut*
1361 2663 1395 2718 ep
1410 2648 1454 2718 Τι
1470 2645 1513 2722 Εο
1528 2651 1660 2738 scribit,
1686 2654 1860 2745 publicam
1878 2677 1951 2722 rem
1967 2667 2001 2724 et
2015 2654 2158 2722 arduam
2175 2655 2253 2742 agg,

312 2717 357 2786 sit,
374 2726 535 2798 tamencum
549 2716 593 2770 bic
607 2716 926 2786 dacevoluimus,quum
942 2717 1007 2786 quid
1023 2713 1126 2797 inimici
1143 2715 1200 2796 Me·
1353 2755 1374 2820 d
1453 2752 1488 2821 ,ἀ
1665 2754 1673 2770 .
2147 2754 2156 2769 .

312 2785 450 2840 lantbours
468 2786 501 2840 de
520 2797 657 2840 consentu
672 2785 840 2856 Naumburg.
854 2785 980 2857 suspicati
1000 2785 1117 2846 luerint,
1141 2791 1203 2836 satis
1256 2777 1350 2848 (1111111
1378 2777 1462 2844 011111
1492 2776 1547 2820 θ111
1578 2756 1802 2826 111θῦ11θὸῑῦῐῦ
1835 2768 1903 2834 ⁰⁵¹2
1937 2751 2109 2842 ¹¹¹⁰⁰¹⁰ss⁰³
2145 2753 2249 2838 ¹¹¹⁰⁸s

312 2855 420 2978 {4¹⁰¹ss
462 2855 499 2908 Εἰ
532 2865 693 2926 argomnro
713 2854 784 2938 'ipso
812 2863 938 2925 apparet,
971 2854 1201 2938 ‘eonciopsrorem
1257 2857 1352 2948 quod
1369 2877 1590 2946 paceeorum
1606 2856 1705 2941 dico,
1731 2857 1946 2948 cumimpiis
1964 2855 2248 2946 nostrisepisco-

342 2925 569 2996 numburgensem
588 2943 647 2978 eam
666 2942 820 2996 scripsrsse,
840 2933 867 2977 et
881 2923 1086 2991 Maeuianam
1104 2932 1202 2993 serapte
1257 2958 1520 3050 pissusurme·
1569 2955 1659 3026 Nam
1682 2959 2113 3050 nosterprecatiunculam
2131 2981 2257 3050 quan-

1257 3062 1337 3129 dam
1357 3060 1611 3150 conscripserat
1627 3085 1646 3130 e
1662 3075 1826 3151 suggestu
1843 3061 1879 3128 in
1893 3061 2000 3130 sacris
2016 3059 2257 3131 concionibus

1257 3161 1389 3252 populo
1405 3161 1683 3251 praelegendam‚
1710 3165 1746 3232 in
1764 3189 1832 3256 qua
1849 3163 2015 3254 speciosis
2030 3164 2150 3232 verbis
2166 3185 2257 3231 con-

1258 3264 1413 3332 cordiam
1430 3287 1469 3332 ac
1485 3287 1603 3352 pacem
1618 3262 1854 3335 Ecclesiarum
1872 3266 1969 3357 petit.
2002 3263 2105 3334 Hauc
2121 3269 2252 3335 nostris

1257 3365 1429 3433 ministris
1445 3366 1636 3434 obtrudere
1650 3380 1684 3436 et
1700 3365 1877 3437 Ecclesiae
1892 3369 2075 3438 intrudere
2093 3367 2243 3444 volebat3

1259 3479 1293 3536 et
1315 3460 1430 3534 adhuc
1453 3467 1638 3549 resistunt,
1666 3473 1761 3561 quod
1779 3483 1896 3538 tamen
1914 3470 2056 3560 vulpem
2089 3481 2252 3538 nostrum

1262 3567 1409 3658 pessime
1431 3562 1554 3652 habet,
1585 3570 1758 3640 ultionem
1781 3586 1896 3642 tamen
1921 3571 2042 3641 dillert
2059 3571 2097 3638 in
2115 3585 2254 3659 tempus

198 255 273 340 295

203 436 294 520 siae,
319 445 442 504 natum
467 432 507 500 in
529 426 664 500 familia
685 423 838 520 equestri
853 423 967 514 gentis
983 414 1193 492 Pomerani-

203 561 273 606 cac.
332 533 503 606 Nondum
524 533 685 602 viderant
706 519 896 596 Inachimi
914 519 1081 594 Martini
1106 521 1193 591 scri-

205 2071 463 2086 ——G—-FQ-D

220 2196 288 2269 No.
305 2192 419 2270 5611.

210 2295 439 2328 m

313 3001 369 3065 est,
389 2993 446 3048 siue
461 2992 545 3048 dubio
561 3004 600 3048 est
615 2993 743 3049 Matthias
760 2993 866 3048 Flauius
880 2991 1016 3065 illyricus.

312 3129 493 3254 Epistola
524 3149 567 3224 dc
598 3150 752 3250 Synodo
783 3147 1103 3248 Naumbargeasi.

364 3279 624 3386 (Matthiae
649 3281 780 3356 Flac.
811 3281 1052 3380 Illyrico.)

213 3425 263 3516 S.
313 3435 436 3506 Tuum
452 3436 652 3518 silentium,
677 3435 890 3506 venerabilis
907 3431 953 3510 D.
976 3435 1076 3506 nulla
1100 3458 1206 3504 excu-

214 3541 350 3612 satione
380 3553 474 3626 cget,
509 3563 591 3616 cum
621 3550 742 3606 nostra
772 3535 926 3606 amicitia
953 3537 1206 3608 concordiaac

216 3639 437 3714 consessione
451 3639 535 3706 fidei
549 3651 684 3708 constet
698 3637 833 3727 potius,
858 3661 967 3730 quam
983 3640 1050 3708 isto
1068 3637 1206 3726 vulgari

216 3741 325 3815 oflicii
347 3763 485 3830 genere.
535 3739 653 3810 Multa
680 3739 763 3823 tibi,
795 3740 996 3810 doctissime
1022 3731 1206 3824 Matthia,

217 3867 284 3914 nos
307 3865 431 3912 omnes
454 3841 584 3910 debere
606 3842 840 3930 agnoscimus.
900 3841 971 3912 Sed
985 3843 1151 3912 dominus
1173 3851 1207 3910 et

216 3949 325 4016 irater
359 3957 478 4013 noster
511 3941 607 4012 lesus
631 3938 795 4013 Christus
826 3944 1030 4013 redditurus
1056 3957 1107 4014 est
1141 3943 1206 4013 tibi

219 4047 415 4117 mercedem
434 4069 498 4135 pro
518 4045 700 4115 laboribus
716 4046 803 4130 tuis,
828 4047 1119 4142 quandoquidem
1142 4067 1207 4114 nos

219 4173 294 4220 non
306 4169 505 4241 possumus.
556 4147 625 4218 Sed
647 4143 731 4216 haec
749 4143 929 4222 hactenus.

200 4303 205 4311 '
308 4285 362 4356 De
380 4295 558 4353 conventu
573 4277 839 4370 Theologorum
855 4277 1052 4352 hisdiebus
1068 4277 1125 4352 bic
1143 4277 1209 4362 ha-

219 4389 294 4458 bito
312 4387 466 4457 libenter
483 4385 549 4454 tibi
566 4383 677 4454 multa
694 4384 895 4468 scriberem,
912 4387 974 4452 sed
992 4385 1083 4452 miro
1099 4385 1209 4452 silen-

220 4491 270 4562 tio
299 4488 420 4558 omnia
449 4488 631 4576 obtegunt.
689 4483 874 4554 Venerunt
901 4488 946 4556 ad
975 4509 1041 4554 nos
1065 4488 1127 4560 20.
1151 4487 1209 4556 die

220 4589 312 4661 Maii
332 4589 377 4664 D.
394 4581 593 4683 Philippus
617 4599 651 4657 et
671 4583 717 4660 D.
735 4579 951 4666 Formas,
983 4610 1128 4677 prorsus
1152 4589 1208 4656 in-

222 4693 452 4784 opinantibus
479 4692 584 4760 nubis
613 4713 653 4758 ac
682 4689 931 4758 nescientibus.
981 4687 1101 4759 Secuti
1127 4704 1210 4758 sunt

1259 3668 1490 3738 commodius.
1528 3667 1582 3740 De
1596 3667 1661 3742 hac
1675 3674 1835 3744 oratione
1850 3688 1967 3765 pastor
1985 3687 2106 3742 noster
2123 3685 2158 3744 et
2176 3672 2256 3740 dia-

1259 3770 1341 3839 coni
1355 3771 1609 3842 consulueruut
1626 3797 1684 3858 eo,
1711 3780 1806 3867 quod
1822 3776 1976 3866 speciosa
1992 3789 2025 3844 et
2044 3775 2138 3843 bona
2161 3785 2258 3842 esset

1259 3895 1299 3942 ac
1313 3872 1402 3942 bene
1417 3873 1639 3965 interpretari
1659 3892 1792 3967 posset,
1819 3899 1894 3946 earn
1912 3877 2021 3968 recipi
2044 3901 2083 3946 ac
2103 3875 2175 3964 legi
2191 3877 2261 3945 de-

1261 3975 1361 4058 bere,
1387 3977 1483 4068 quod
1499 3990 1634 4061 tamen,
1658 3979 1769 4066 gratia
1788 3979 1830 4047 sit
1847 3975 2011 4062 Christo,
2032 3977 2148 4048 nostri
2163 4001 2260 4046 cou-

1260 4090 1392 4146 stanter
1407 4092 1613 4152 renuerunt.
1666 4079 1753 4150 lude
1769 4080 1897 4150 coniici
1912 4094 2045 4170 potest,
2071 4079 2161 4172 quid
2178 4079 2263 4170 spei

1261 4177 1306 4248 sit
1328 4179 1466 4246 miseris
1479 4175 1646 4250 Ecclesiis
1660 4177 1793 4252 Christi
1818 4183 1855 4250 in
1880 4182 1952 4252 illis
1966 4180 2184 4252 doctissimis
2201 4181 2264 4250 vi-

1262 4279 1322 4350 ris.
1374 4278 1444 4350 Sed
1468 4283 1670 4354 consolatur
1699 4307 1764 4354 nos
1789 4285 1885 4378 quod
1909 4285 2174 4376 scriptumest:
2213 4303 2265 4356 ex

1262 4403 1321 4450 are
1334 4379 1541 4480 infantiam
1558 4398 1622 4458 etc.
1655 4417 1658 4424 ¹

1364 4579 1419 4652 Ex
1442 4579 1498 4652 bis
1528 4581 1668 4673 paucis,
1702 4583 1759 4651 vir
1781 4583 2011 4668 amicissime,
2042 4607 2263 4672 cognoscere

1264 4697 1377 4777 potes,
1400 4686 1480 4776 quis
1497 4687 1543 4754 sit
1557 4699 1665 4756 status
1683 4681 1860 4756 Ecclesiae
1877 4699 2027 4756 nostrae.
2065 4684 2145 4758 Sub
2161 4689 2264 4781 lupis

222 4793 382 4888 sequenti
397 4794 455 4862 die
470 4790 657 4885 Lipsenses
671 4779 964 4864 D.Camerarias
978 4803 1057 4858 cum
1073 4787 1118 4864 D.
1132 4783 1210 4860 Pa·
1263 4811 1327 4877 pro
1352 4788 1550 4877 pastoribus
1579 4809 1614 4854 se
1640 4788 1898 4858 ostentantibus
1922 4789 2094 4878 degimus.
2147 4786 2266 4862 Chri-

224 4919 294 4972 sto.
334 4889 493 4967 Aderant
508 4897 613 4968 etiam
631 4894 702 4962 duo
718 4917 759 4960 ex
774 4892 911 4962 ditione
926 4889 1103 4983 Principis
1118 4889 1210 4962 Hes-
1263 4903 1337 4958 stus
1362 4888 1473 4972 lesus,
1505 4889 1576 4958 Dei
1600 4888 1713 4972 filius,
1749 4891 1915 4958 dominus
1939 4903 1973 4960 et
1994 4889 2105 4958 frater
2134 4907 2267 4965 noster

224 5022 344 5070 sorum
362 4989 450 5064 mihi
466 4997 588 5082 ignoti.
636 4993 688 5066 Hi
708 4989 767 5063 hic
789 4993 997 5063 commorati
1013 5017 1077 5086 per
1096 4994 1208 5064 diesil
1263 4990 1510 5060 dilectissimus
1532 4991 1737 5060 misereatur
1758 4991 1888 5077 nostri,
1924 5003 1958 5061 et
1980 5007 2168 5066 conservet
2193 5019 2268 5068 nos

224 5114 285 5170 aut
309 5099 356 5168 10
381 5095 511 5165 cotidie
532 5111 615 5166 sunt
637 5095 831 5185 congressi;
861 5095 949 5190 quid
965 5097 1210 5168 autemcollo-
1264 5093 1300 5161 in
1318 5115 1406 5184 pura
1423 5084 1612 5184 Evangelii
1631 5091 1811 5178 doctrina,
1836 5089 1963 5167 Amen.

225 5199 298 5270 cuti
321 5211 381 5268 aut
406 5199 451 5265 de
472 5221 541 5289 qua
564 5222 602 5266 re
630 5221 735 5268 nemo
755 5197 897 5272 sciebat.
954 5195 1013 5268 llli
1034 5198 1209 5278 dicebant,

226 5299 402 5392 Principis
417 5293 579 5392 Augusti
600 5302 764 5370 mandato
789 5295 859 5370 huc
875 5323 910 5368 se
935 5301 1143 5380 contulisse,
1169 5311 1209 5369 ut

227 5427 306 5474 cum
324 5401 403 5473 aliis
420 5395 615 5494 theologis,
641 5426 793 5496 quorum
810 5403 984 5474 adventus
1005 5401 1208 5496 expectaba-
