4814 6172
137 273 217 352 25⁷
719 244 1148 348 sersrouannn
1204 273 1306 349 nte.
1334 273 1418 348 xu.
1471 273 1603 353 1554.
2113 279 2190 352 css
2226 213 2233 224 ⁴

138 449 298 522 accedite
316 449 358 516 ad
376 469 459 516 enm
477 457 512 516 et
528 445 715 516 adcurrite.
768 443 839 518 lste
856 469 990 538 pauper
1008 446 1138 514 clama·
1194 445 1434 516 dulcissimam
1454 447 1684 522 sententiamt
1710 471 1784 518 non
1801 456 1852 518 est
1871 443 2043 518 voluntas
2055 451 2189 544 pntrr's,

138 553 211 634 sit,
245 563 281 619 et
296 549 477 620 Dominus
498 549 674 620 exaudivit
691 571 783 622 eum.
836 545 1018 618 intuentes
1032 548 1141 637 igitur
1194 555 1232 616 ui
1254 556 1377 642 pereat
1403 573 1498 620 unus
1520 543 1564 620 de
1577 547 1750 647 parvulis
1766 549 1860 624 istis.
1913 548 1992 620 Tua
2007 550 2121 620 oratio
2139 551 2186 622 ita

140 652 322 744 Principis
340 648 486 740 Georgii
511 673 671 735 cursum,
697 665 729 720 et
747 651 836 740 grati
854 647 968 720 Deum
984 650 1140 718 celebre·
1193 650 1386 740 expetitur,
1418 667 1458 722 ut
1480 647 1539 722 hic
1560 648 1771 746 typographi
1796 678 1872 722 eam
1889 675 2012 722 rursus
2030 652 2186 722 tradide-

141 777 244 838 mns,
267 766 300 822 et
314 766 477 846 petamus
493 775 557 822 nos
572 775 713 846 quoque
729 751 937 841 gubernari,
963 765 996 820 et
1012 752 1141 850 studia,
1193 751 1265 822 rint
1290 753 1415 844 prelis:
1475 752 1591 839 Fratri
1615 755 1847 826 adolescentis
1870 755 2033 845 scriptam
2064 777 2185 850 παρα-

148 857 368 926 sedulitatem
390 865 426 922 et
447 854 665 944 diligentiam
694 857 769 924 eius
792 855 831 923 in
854 853 1049 922 retinendis
1063 850 1138 922 'Dei
1191 845 1405 947 μοθητικήν
1438 855 1477 924 in
1503 857 1607 926 amici
1633 859 1775 944 funere,
1813 857 1842 926 si
1870 880 1944 926 non
1971 855 2184 948 displicebit,

150 959 251 1028 donis
265 957 324 1048 pie
340 955 532 1025 imitemur.
1192 957 1308 1026 trades
1331 955 1374 1025 ei.
1424 954 1505 1028 Non
1527 959 1621 1028 enim
1646 973 1822 1050 antepono
1844 981 1939 1028 meas
1954 957 2184 1046 cogitationes

247 1057 366 1128 Huius
391 1052 559 1128 historiae
581 1057 767 1126 lectionem
790 1079 892 1148 spero
912 1069 1044 1146 gratam
1063 1057 1139 1126 fore
1191 1058 1272 1142 tuis,
1298 1081 1338 1126 ac
1353 1058 1465 1129 multo
1481 1059 1599 1130 minus
1615 1085 1727 1132 meam
1745 1061 1968 1130 macilentam
1986 1059 2182 1130 orationem

140 1163 250 1233 bonis
278 1159 467 1244 omnibns,
506 1157 628 1228 multis
653 1157 758 1228 ctiam
781 1159 918 1230 utilem.
979 1155 1138 1249 Exposui
1191 1173 1252 1226 tuo
1289 1159 1481 1249 splendori.
1546 1160 1584 1232 si
1628 1163 1759 1256 poteris
1793 1160 1980 1253 exspatiari
2013 1159 2182 1252 Lipsiam,

17 1293 19 1320 ι
137 1279 262 1335 autem
292 1261 396 1332 initio
425 1284 563 1330 causam
591 1259 777 1354 utriusque
802 1261 960 1344 consilii,
993 1271 1139 1350 propter
1190 1251 1385 1330 Ioachimo
1406 1261 1683 1336 iucundissimus
1702 1259 1830 1356 hospes
1851 1266 1940 1344 eris,
1973 1274 2008 1333 et
2029 1263 2180 1334 delecta-

136 1389 251 1462 quam
267 1377 303 1434 et
316 1361 548 1433 Celsitudinis
561 1374 653 1444 tuae,
674 1361 843 1454 Princeps
857 1362 1017 1442 illustris,
1038 1385 1139 1430 men·
1190 1363 1283 1432 beris
1322 1363 1474 1434 aliorum
1516 1367 1701 1438 doctorum
1743 1367 1900 1436 virorum
1943 1364 2178 1440 sermonibus.

134 1472 277 1540 tionem
301 1466 340 1534 in
357 1459 413 1534 his
432 1465 649 1536 editionibus
671 1464 817 1550 faciam,
843 1477 876 1534 et
899 1465 1040 1536 extendi
1062 1461 1138 1532 me'-
1189 1461 1285 1533 Bene
1310 1479 1345 1536 et
1368 1466 1519 1536 feliciter
1541 1468 1629 1538 vale.
1689 1465 1730 1538 ln
1751 1461 1977 1564 Paschate²).
2043 1461 2181 1538 Ursini

134 1569 294 1640 moriam
312 1565 489 1658 Principis
505 1564 651 1656 Georgii
666 1589 745 1636 cum
759 1561 909 1636 Lutheri
923 1589 1137 1636 monumen·
1190 1567 1372 1656 ingenium
1388 1581 1422 1638 et
1439 1591 1555 1639 mores
1573 1569 1673 1640 valde
1687 1571 1815 1664 probo.

135 1673 183 1742 tis
208 1670 376 1742 velimus.
426 1665 625 1738 Plurimum
651 1667 745 1736 enirn
769 1669 874 1738 refert
896 1668 985 1737 scire
1002 1681 1137 1738 exteros
1702 1697 1798 1774 Phili
1848 1699 2003 1772 usMeh
2030 1695 2070 1774 th

138 1789 174 1844 et
192 1785 378 1864 posteros,
413 1771 534 1862 quales
547 1771 617 1838 viri
633 1769 831 1840 doctrinam
848 1784 1048 1840 nostrarum
1066 1766 1136 1838 Ec·
1800 1727 1847 1796 pp
2004 1725 2028 1772 n
2071 1723 2130 1812 ψ’

139 1877 330 1944 elesiarum
353 1872 506 1964 amplexi
526 1873 610 1946 sint.
665 1868 744 1941 Hoc
765 1885 925 1942 nostrum
947 1872 1136 1942 consilium

141 1991 205 2048 tuo
238 1973 446 2066 gravissimo
479 1973 613 2043 iudicio
644 1973 749 2044 etiam
775 1974 918 2064 probari
945 1985 1029 2064 opto
1055 1997 1136 2042 cum

148 2079 313 2147 omnibus
327 2073 556 2166 Principibus
574 2087 610 2144 et
625 2076 704 2144 aliis
720 2077 978 2165 praestantibus
996 2075 1082 2143 viris
1097 2075 1136 2142 in
1188 2101 1255 2173 No.
1268 2095 1383 2177 5573·
2001 2109 2061 2177 25·
2078 2101 2169 2170 ΜΝ.

155 2179 318 2247 universa
333 2177 524 2248 Germania
546 2191 606 2248 tua
629 2177 812 2266 integritas
833 2192 916 2248 nota
940 2191 974 2248 et
990 2178 1136 2269 probata
1202 2197 1366 2230 ...s-
2002 2191 2172 2225 Μ

157 2279 213 2354 sit.
263 2275 349 2349 lllud
368 2281 475 2350 etiam
499 2279 665 2364 adfirmo,
698 2303 778 2360 eos,
804 2279 866 2373 qui
891 2293 1058 2369 praesunt
1080 2273 1137 2348 his
1514 2299 1569 2386 P·
1604 2300 1859 2388 Vincentio·
1937 2357 1939 2360 ¹

150 2381 380 2467 editionibus,
421 2381 641 2472 diligentiam
674 2395 708 2451 et
733 2381 838 2450 fidem
863 2383 1006 2470 dignam
1033 2381 1139 2450 bonis
1188 2421 1196 2439 ·
1861 2421 1863 2424 ·

145 2483 232 2553 viris
246 2497 436 2576 praestare,
460 2485 555 2578 quod
572 2483 713 2553 collatio
729 2483 901 2558 ostendet.
937 2479 1035 2552 Bene
1048 2483 1137 2553 vale.
1292 2485 1316 2556 †
1335 2481 1370 2536 Ε*
1388 2499 1482 2555 Ῥοῦῐ·
1500 2479 1528 2536 ¹¹¹
1547 2479 1610 2537 eod.
1629 2479 1716 2536 Μ’·
1732 2477 1770 2534 ⁰·
1790 2479 1824 2536 ¹⁴·
1842 2479 1911 2540 ⁵4¹·

141 2583 254 2658 Anno
267 2581 378 2660 1554.
392 2585 431 2654 in
444 2579 625 2671 paschate,
651 2585 747 2678 quod
762 2597 813 2656 est
828 2587 874 2657 ab
888 2585 984 2656 exitu
1000 2579 1139 2655 lsrahe-
1702 2653 1710 2674 ‚
1865 2653 1872 2671 ,

141 2689 288 2760 litorum
307 2711 349 2757 ex
364 2681 524 2782 Aegypto
538 2681 671 2757 Pascha
688 2687 801 2762 8068.
1474 2651 1513 2728 P
1515 2665 1583 2727 Ψ
1591 2681 1612 2729 ⁰
1649 2651 1898 2728 me'w

1192 2793 1240 2882 S·
1268 2804 1313 2880 D.
1364 2803 1555 2878 Carissime
1573 2798 1688 2878 Pelre.
1741 2799 1870 2886 Τέττιξ
1881 2807 1953 2895 μὲν
1964 2797 2101 2900 τέττιγι
2116 2798 2181 2900 φί-

1128 2912 1135 2919 ’
1192 2916 1273 2993 λος,
1305 2899 1476 3001 μύρμοκι
1498 2902 1539 2978 cli
1561 2899 1729 3000 μύρμαξ.
1790 2905 1893 2975 Nosti
1917 2905 2013 2976 enim
2039 2928 2181 2974 versum

150 3065 186 3136 N
241 3059 346 3136 5572
984 3073 1005 3135 2
1050 3064 1084 3132 Μ
1193 3007 1389 3084 Theocriti.
1438 3006 1542 3078 Hauc
1561 3031 1662 3079 suam
1678 3007 1880 3077 societatem
1896 3030 1976 3076 cum
1994 3005 2056 3074 illa
2072 3003 2182 3074 mini-

126 3091 365 3200 „⁰24
993 3073 1139 3184 ω’
1192 3137 1251 3184 ma
1272 3113 1404 3182 insecta
1423 3123 1608 3195 tueantur,
1633 3123 1767 3202 quanto
1782 3109 1894 3200 magis
1906 3130 1972 3178 nos
1986 3107 2079 3178 tueri
2095 3130 2184 3177 con-

441 3231 445 3242 '
485 3247 555 3336 1⁰·
585 3247 800 3360 stigmo-
1194 3215 1411 3286 iunctionem
1427 3226 1584 3283 nostram
1601 3212 1806 3303 oportebat,
1831 3211 1894 3303 qui
1911 3209 2044 3280 conditi
2061 3231 2183 3278 sumus

391 3411 425 3468 ..
438 3409 643 3485 ...a
859 3407 917 3466 n

137 3571 376 3652 Clarissimo
392 3569 480 3653 vim,
499 3566 648 3664 ingenio
661 3577 693 3638 d
709 3565 912 3640 eruditione
924 3567 1145 3668 prumam,
1196 3537 1335 3642 pectora
1353 3521 1471 3590 iuncta
1487 3520 1560 3589 siut
1574 3543 1655 3588 vera
1673 3517 1928 3590 benevolentia.
1978 3511 2058 3586 Erit
2074 3513 2185 3604 igitur

140 3677 187 3750 D
225 3672 408 3748 Iouam·
439 3668 647 3768 &igal-⁰
698 3669 825 3772 fram·
847 3695 915 3742 suo
940 3669 1134 3744 carissimo
1196 3638 1290 3694 mter
1314 3637 1541 3694 nosaeterna
1566 3620 1733 3692 amicitia.
1784 3615 1831 3688 Et
1848 3617 1960 3687 nostri
1976 3617 2088 3708 gregis
2103 3637 2184 3706 pars

189 3731 201 3754 ¹
596 3773 633 3848 S·
657 3725 702 3846 'D
1136 3727 1145 3759 ’
1196 3721 1255 3796 hic
1281 3747 1423 3822 quoque
1447 3737 1499 3794 est
1524 3721 1577 3793 M.
1601 3717 1862 3792 Barlolomens
1877 3712 2080 3804 basonus,
2112 3713 2185 3812 Cy-

1197 3851 1308 3918 gneus
1322 3821 1382 3921 *),
1415 3820 1556 3895 honesti
1579 3825 1646 3893 viri
1670 3823 1780 3906 lilius,
1804 3823 1865 3914 qui
1883 3823 1974 3892 istuc
1990 3819 2184 3912 expatiatus

144 3919 301 4008 clariss.
317 3927 375 3998 vir
395 3940 430 3998 et
450 3925 567 3997 cariss.
580 3923 699 3998 frater.
751 3921 869 3995 Tuam
888 3924 1085 3994 orationem
1101 3923 1145 3992 de
1198 3946 1266 4014 est,
1291 3946 1331 4001 ut
1355 3941 1390 4000 et
1413 3920 1701 4022 ἀριστοκρατίαν
1721 3937 1872 3996 vestram
1895 3924 2029 4008 videat,
2054 3935 2183 3992 etcum

152 4031 315 4122 generosi
328 4029 559 4100 adolescentis
576 4026 697 4096 indole
713 4041 746 4097 et
761 4026 834 4096 fato
849 4049 923 4096 non
938 4025 1014 4094 siue
1031 4025 1146 4119 lacry-
1198 4033 1311 4102 doctis
1333 4029 1570 4122 colloquatur.
1622 4023 1676 4094 Te
1699 4025 1782 4094 volo
1807 4026 1839 4094 ei
1858 4027 1902 4094 ad
1921 4039 2075 4096 caeteros
2092 4013 2184 4112 πρό-

157 4135 220 4204 mis
245 4133 337 4224 legi,
369 4130 528 4220 cogitans
549 4139 584 4200 et
605 4131 649 4198 de
666 4127 775 4220 patris
790 4131 947 4226 στοργῇ,
975 4139 1010 4196 et
1026 4129 1069 4196 de
1085 4139 1145 4196 luo
1198 4134 1317 4215 ξενον,
1329 4153 1415 4204 esse.
1479 4126 1627 4198 Ductori
1646 4118 1820 4196 Iohanni
1840 4121 2048 4225 Aurisabro
2078 4137 2184 4192 notus

164 4235 294 4318 dolore,
329 4234 390 4328 qui
414 4231 524 4325 patris
546 4232 578 4300 ei
601 4231 680 4301 loco
703 4229 819 4314 fuisti,
851 4243 885 4300 et
906 4252 987 4298 vero
1007 4229 1050 4298 de
1069 4227 1146 4328 ipso
1198 4247 1262 4307 est.
1312 4232 1410 4306 Bene
1424 4243 1458 4301 et
1473 4229 1623 4302 feliciter
1637 4230 1726 4305 vale.
1775 4225 1836 4301 25.
1852 4226 1988 4302 Martii.

164 4336 386 4408 adolescente.
445 4331 650 4404 Dolenduro
675 4344 727 4401 est
750 4329 865 4416 enim,
898 4329 982 4400 talia
1004 4330 1147 4418 ingenia

162 4439 344 4514 imrmtura
366 4451 482 4508 morte
502 4433 678 4525 extingui,
714 4457 803 4526 quae
819 4433 951 4524 patriae
970 4431 1147 4523 praesidio
1200 4471 1622 4486 ---—--·-----
2095 4461 2181 4476 --

153 4543 275 4614 futura
293 4563 368 4612 esse
383 4541 620 4634 sperabamus.
671 4533 741 4606 Sed
757 4557 837 4608 cum
855 4532 945 4604 hanc
958 4529 1147 4604 homiuum

151 4659 322 4716 naturam
347 4643 497 4712 sciamus
521 4663 596 4709 non
621 4661 703 4708 casu
717 4637 822 4722 ferri,
855 4641 913 4705 sed
934 4635 1008 4726 regi
1023 4651 1057 4707 et
1074 4658 1148 4704 ser·
1200 4631 1268 4708 No.
1285 4630 1400 4711 5574.
2030 4628 2187 4702 tettan.

149 4747 232 4818 vari
258 4745 449 4830 divinitus3
476 4739 553 4813 Deo
577 4742 763 4815 credamus
778 4735 818 4836 ¹).
869 4737 1041 4823 Memini,
1068 4761 1148 4806 cum
1208 4729 1380 4760 Μ
2015 4719 2183 4750 ‘⁸‘

145 4851 270 4922 fllium
292 4871 410 4920 meum
430 4839 629 4938 Georgium
655 4841 868 4920 amisissem,
902 4861 959 4908 me
981 4851 1061 4930 post
1084 4835 1151 4908 ali·
1411 4897 1414 4914 ,
1547 4833 1854 4922 Scholasticis,

146 4965 244 5050 ‘1¹¹⁰'
269 4949 385 5066 dim!
410 4947 535 5066 sonere
558 4947 597 5015 ⁵¹¹
620 4941 918 5062 ¹3³³¹¹¹¹⁰J⁹3⁰¹f³
954 4935 1041 5060 'Vi‘
1058 4937 1152 5058 s⁶⁶f¹
1275 4995 1382 5070 scapi·
1405 4997 1480 5067 publ.
1501 4995 1630 5051 nesam.
1644 4991 1759 5048 theb.
1784 4989 1819 5047 r.
1833 4989 1882 5044 nr.
1903 4987 1943 5042 tn.
1958 4985 1993 5042 c.
2016 5015 2050 5032 ..
2085 4985 2194 5038 nessa-

146 5077 245 5140 ntes,
272 5073 347 5122 non
370 5067 443 5148 ipsi
465 5071 543 5121 nos.
594 5043 795 5116 Hrs'verbrs
811 5045 927 5114 subito
944 5044 1061 5128 lectis,
1085 5065 1154 5110 mr·
1307 5067 1373 5122 dou
1387 5067 1480 5137 scripti
1495 5073 1654 5122 unm...

145 5158 255 5230 rifica
281 5153 414 5224 laetitia
430 5177 492 5224 cor
511 5149 768 5219 inflammatum
784 5159 854 5230 est,
879 5159 920 5216 ut
939 5159 1057 5238 postea
1073 5137 1156 5212 Ln—
1209 5211 1400 5226 ψ

146 5253 265 5330 thern
284 5255 442 5328 narravi.
518 5247 567 5324 Et
589 5251 634 5320 de
655 5249 717 5318 illa
741 5261 852 5320 aetate
874 5241 1047 5318 habemus
1066 5241 1158 5318 hanc
1243 5299 1278 5368 η
1295 5289 1638 5356 comma-⁸443„
1658 5291 1735 5344 tstt.

1246 5385 1274 5452 θ)
1296 5383 1321 5436 le
1340 5399 1406 5435 ann.
1423 5379 1489 5434 155!
1525 5379 1601 5432 rest.
1621 5379 1780 5432 vertebatur
1800 5375 1829 5430 iu
1851 5375 1936 5430 dead.
1949 5371 2063 5428 wine.
2083 5379 2109 5424 et
2126 5369 2203 5442 plora

196 5469 224 5532 l)
246 5463 419 5538 Scripsitues
436 5463 590 5520 cedamus?
1179 5461 1193 5518 t
1287 5451 1346 5506 eius
1360 5465 1481 5506 uterina
1496 5417 1622 5518 leguntur
1635 5443 1793 5520 inscriptis
1808 5443 1884 5516 publ.
1897 5441 1983 5501 bend.
1997 5437 2109 5496 wint.

155 5548 355 5613 finiens.
375 5545 480 5612 om.
505 5545 592 5609 Ver..
605 5539 698 5606 Vlll.
1439 5520 1486 5596 17
