4814 6172
144 241 214 316 217

148 425 258 484 torem
276 423 427 480 naturae
443 407 664 482 liberrimum
683 435 887 504 precemur,
908 423 950 503 ut
957 407 1134 484 Ecclesiae

149 535 274 608 poenas
289 511 441 601 mitiget.

196 636 271 700 Feta
281 657 400 698 morere
415 633 519 715 Deus,
545 641 649 699 tollere
663 640 724 700 feta
738 649 847 718 potest.

158 742 353 819 Iohannem
377 743 562 844 Hosernm
585 749 701 818 virum
725 751 869 818 doctum
894 761 928 818 et
945 741 1133 817 honestum

158 852 216 924 tibi
229 851 449 920 commendo.
501 847 597 920 Bene
623 863 658 920 et
681 849 833 920 feliciter
849 849 937 918 vale.
987 846 1133 921 Die18.

156 950 313 1022 Ianuarii.

150 1343 216 1418 No.
233 1338 351 1417 6688.

142 1444 353 1478 Μ

995 1353 1052 1415 18.
1068 1341 1132 1408 Ian.

962 1437 1131 1463 m

489 1553 544 1639 Ν.
572 1554 791 1668 Birgcro.

206 1715 230 1784 †
251 1711 288 1766 Es
302 1727 398 1794 apogr.
413 1711 443 1794 in
457 1711 519 1767 cod.
532 1711 616 1771 Paris.
632 1717 669 1770 D.
682 1715 713 1768 1..
727 1716 760 1769 54
770 1719 792 1771 ⁸.
813 1743 842 1755 -
883 1714 943 1772 Vid.
957 1735 1039 1790 supra
1052 1717 1130 1774 testi·

243 1800 371 1836 meorum
387 1779 505 1836 Nicone
518 1781 609 1839 Sucro
623 1785 715 1838 datum
730 1785 757 1840 d.
769 1785 797 1840 6.
810 1781 871 1840 lan.
888 1787 965 1842 15⁵3.

147 1935 202 2008 Ad
221 1945 364 2036 pafrem
393 1933 503 2010 illios
534 1933 731 2012 Nicoloi
753 1935 891 2012 Suecr'
922 1937 1000 2042 (N.
1017 1939 1130 2015 Bir-

401 2062 499 2134 ger,
525 2050 588 2116 vid.
606 2050 635 2111 d.
654 2043 875 2142 6.1eo.h.e.)

160 2169 207 2253 S.
231 2183 278 2256 D.
323 2185 578 2260 llouestissime
607 2192 683 2279 vir,
715 2195 902 2267 nobilitate
931 2198 1070 2286 generis
1097 2213 1130 2270 et

153 2287 279 2356 virtute
293 2302 480 2376 praestans.
533 2289 617 2362 ldeo
636 2289 804 2365 humanis
819 2299 1019 2388 pectoribus
1032 2297 1129 2370 Deus

146 2389 274 2458 indidit
289 2391 484 2460 naturalem
504 2407 538 2462 et
560 2394 738 2483 ingentem
755 2423 910 2468 amorem
927 2425 1006 2491 erga
1022 2405 1129 2471 sobri-

140 2490 231 2572 lem,
265 2505 306 2560 ut
337 2487 395 2562 hic
422 2507 542 2563 noster
566 2519 668 2566 amor
705 2499 750 2569 sit
770 2504 1060 2572 commonefactio
1085 2507 1127 2573 de

137 2617 258 2662 amore
276 2592 344 2663 Dei
365 2616 446 2684 erga
467 2595 598 2683 filium,
624 2599 809 2670 dominum
829 2619 991 2675 nostrum
1012 2603 1127 2674 lesum

135 2689 344 2776 Christum,
374 2708 411 2764 et
437 2719 517 2785 erga
545 2721 621 2770 nos.
684 2700 769 2771 Vult
803 2707 931 2793 igitur,
963 2721 1126 2796 parentes

131 2797 262 2866 dolore
285 2795 379 2864 affici
401 2796 440 2896 in
465 2799 662 2872 calamitate
689 2805 839 2890 sobolis3
879 2831 989 2899 quare
1015 2809 1125 2899 pietas

129 2911 204 2978 est,
232 2897 330 2990 quod
349 2897 488 2984 cognito
504 2901 595 2971 tristi
613 2927 694 2972 casu
712 2905 775 2972 filii
792 2929 918 2995 magno
934 2909 1057 2978 dolore
1072 2911 1124 2978 af-

127 2998 318 3070 ficiamini.
379 2996 478 3068 Vivit
498 3001 559 3072 ille
583 3003 747 3096 quidem,
778 3003 844 3074 Dei
868 3010 1056 3092 beneficio,
1089 3023 1125 3080 et

126 3100 248 3172 aniani
270 3099 362 3168 hona
379 3101 524 3187 retinet,
547 3129 587 3173 ac
602 3103 678 3174 Deo
700 3105 844 3176 iuvante
865 3111 945 3180 usui
968 3112 1034 3180 erit
1058 3135 1121 3203 pa-

127 3205 245 3274 triae:
269 3201 331 3270 scd
353 3203 459 3272 decus
481 3207 658 3298 corporis,
684 3211 780 3300 quod
805 3211 836 3278 ei
861 3209 957 3282 Deus
977 3215 1122 3284 dederat

126 3329 197 3394 per
220 3325 285 3372 uos
311 3301 488 3390 integrum
511 3323 546 3380 et
570 3308 840 3397 pulcerrimum,
866 3315 1033 3383 amissum
1057 3329 1119 3386 est.

125 3405 275 3478 Scelere
289 3403 414 3472 furiosi
429 3407 552 3478 militis
570 3406 754 3480 brachium
772 3412 818 3482 ita
834 3413 866 3482 ei
885 3415 1018 3486 laesum
1040 3418 1121 3503 fuit,

124 3523 167 3580 nt
187 3529 273 3598 pars
289 3506 441 3596 praecisa
463 3509 520 3581 sit.
568 3507 645 3582 Etsi
660 3527 777 3583 autem
796 3517 931 3587 nullius
945 3519 1119 3590 moestitia

127 3631 197 3700 par
222 3629 295 3676 esse
319 3621 482 3696 paternae
504 3626 539 3683 et
560 3626 740 3684 maternae
755 3631 885 3708 potest:
911 3633 1029 3689 tamen
1053 3645 1117 3690 no·

126 3725 203 3780 stra
229 3707 389 3800 proxima
415 3724 483 3794 est,
516 3737 595 3782 cum
619 3728 653 3784 et
669 3740 734 3787 nos
747 3734 894 3808 paterno
908 3743 1026 3790 amore
1041 3717 1115 3795 Ni-

127 3805 279 3882 colaum
314 3825 457 3902 propter
488 3813 642 3902 ingenii,
681 3821 891 3891 cruditionis
918 3836 953 3893 et
976 3823 1116 3896 virtutis

128 3911 381 4004 praestantiam
398 3913 604 4003 diligamus,
637 3931 672 3988 et
703 3945 823 3992 causas
854 3924 1000 3993 dolendi
1034 3951 1114 3996 cum

136 4015 219 4082 alias
254 4014 383 4084 multas
405 4009 592 4104 habemus,
629 4031 703 4089 tum
734 4017 825 4093 hanc
851 4049 992 4117 quoque
1019 4030 1112 4118 quod

136 4107 199 4182 hoc
228 4115 343 4206 ipsum
373 4117 572 4208 exemplum
600 4123 774 4207 ostendit,
805 4125 1114 4218 diabolospraeci-

708 232 1145 346 Eatsuonautttu
1197 237 1304 318 [ΑΒ.
1346 233 1445 316 llll.
1496 229 1631 318 1664.

2100 234 2175 308 218

1186 436 1269 483 men
1284 409 1351 486 hoc
1366 437 1507 508 quoqne
1523 415 1601 488 volt
1614 411 1710 484 Deus
1718 463 1731 498 ,
1753 429 1948 504 repugnare
1965 429 2028 478 vos
2043 407 2174 495 dolori,

1186 538 1232 584 ne
1251 516 1487 586 succumbatis
1510 517 1717 591 moestitiae.
1769 511 1956 586 Interfecto
1971 507 2085 580 Abelo
2106 536 2172 580 vo-

1186 616 1254 687 luit
1270 617 1365 688 Deus
1381 617 1500 707 lugere
1519 633 1701 711 parentes,
1730 618 1791 687 sed
1807 610 1963 702 extingui
1979 635 2040 682 cos
2058 612 2170 682 tristi-

1188 718 1235 788 tia
1258 743 1332 788 non
1357 721 1508 794 volebat.
1565 718 1706 790 Horum
1730 717 1930 810 exemplum
1949 713 2171 796 intueamini,

1187 832 1221 890 et
1242 821 1407 908 cogitate,
1439 818 1633 892 Ecclesiam
1661 821 1855 891 subiectam
1888 840 1961 886 esse
1988 816 2104 906 cruci,
2136 829 2171 886 et

1185 917 1261 990 Deo
1276 924 1313 990 in
1330 923 1572 994 moderatione
1591 923 1725 994 doloris
1740 920 1990 992 obediendum.
2040 913 2171 988 Causas

1186 1022 1292 1092 etiam
1318 1025 1492 1112 colligite,
1526 1051 1615 1118 quae
1636 1025 1748 1095 lenire
1772 1021 1983 1094 moestitiam
2012 1033 2171 1111 possunt.

1186 1121 1246 1194 Sic
1260 1126 1435 1215 mitigavit
1446 1123 1543 1196 Deus
1557 1123 1648 1196 hanc
1665 1126 1916 1204 calamitatem,
1942 1135 1982 1194 ut
1999 1145 2072 1192 non
2089 1146 2171 1212 per-

1185 1227 1323 1298 miserit
1337 1228 1493 1318 extingui
1514 1229 1636 1302 frlium.
1676 1223 1728 1297 Ac
1744 1227 1967 1296 manifestum
1977 1221 2044 1294 Dei
2060 1225 2170 1292 hene-

1185 1327 1304 1400 ficium
1331 1343 1401 1414 est,
1427 1333 1522 1424 quod
1548 1330 1640 1400 lilius
1663 1330 1770 1399 vitam
1786 1328 1926 1398 retinet.
1978 1323 2168 1416 Speremus

1185 1431 1309 1516 etiam,
1335 1428 1450 1502 Deum
1474 1457 1537 1522 pro
1560 1426 1628 1501 hoc
1645 1431 1855 1500 detrimento
1878 1427 2037 1520 corporis
2061 1427 2092 1497 ei
2107 1429 2170 1494 da-

1184 1544 1305 1601 turum
1324 1557 1397 1601 osse
1413 1535 1526 1604 multo
1543 1535 1675 1604 maiora
1689 1532 1798 1602 animi
1816 1533 1929 1618 dona,
1955 1533 2046 1602 sicut
2062 1553 2170 1598 orna-

1184 1634 1235 1704 vit
1262 1635 1374 1721 gloria
1404 1631 1591 1726 losephum
1626 1646 1706 1726 post
1737 1657 1921 1708 carcerem.
1975 1631 2066 1702 Nam
2101 1625 2169 1698 hoc

1183 1737 1289 1805 modo
1309 1733 1405 1806 Deus
1426 1759 1553 1825 inagna
1576 1738 1668 1806 dona
1692 1735 1765 1806 suis
1788 1735 1930 1816 tribuit,
1961 1759 2041 1803 cum
2070 1731 2169 1823 prius

1183 1859 1242 1905 eos
1257 1839 1423 1910 exercuit.
1474 1836 1552 1908 Hoc
1568 1839 1757 1908 consilium
1772 1835 1890 1908 Deict
1911 1859 1973 1906 vos
1998 1849 2032 1906 ct
2054 1833 2168 1902 lilium

1183 1939 1334 2028 cogitare
1360 1941 1520 2030 prodest,
1554 1953 1587 2010 rt
1612 1963 1631 2008 a
1655 1938 1731 2010 Deo
1755 1954 1891 2032 petere,
1919 1952 1959 2008 ut
1981 1932 2045 2006 has
2065 1959 2167 2006 aeru-

1181 2063 1283 2110 mnas
1309 2041 1435 2125 leuiat,
1461 2041 1521 2134 qui
1547 2040 1690 2133 quidem
1715 2055 1749 2110 ct
1775 2041 1927 2132 gemitus
1953 2049 2168 2108 moestorum

1182 2158 1277 2212 carto
1294 2144 1454 2223 exaudit,
1482 2155 1515 2212 et
1533 2143 1702 2227 affirmat,
1724 2167 1760 2212 sc
1783 2145 1822 2212 in
1838 2142 1981 2212 moestis
1997 2136 2167 2219 habitare,

1181 2260 1221 2317 ut
1236 2269 1301 2316 nos
1315 2259 1484 2316 sustentet
1502 2257 1536 2314 et
1557 2245 1769 2315 consoletur.
1818 2239 1896 2334 Ego
1920 2243 2026 2314 etiam
2050 2242 2168 2310 vobis-

1182 2371 1263 2417 cum
1290 2348 1403 2416 filiom
1426 2343 1514 2432 Dei,
1540 2345 1725 2416 dominum
1750 2359 1911 2418 nostrum
1929 2343 2044 2416 lesum
2061 2340 2168 2415 Chri-

1181 2463 1296 2534 stum,
1331 2449 1389 2520 cui
1410 2451 1515 2521 ctiam
1537 2462 1621 2518 suut
1646 2449 1820 2518 sauciatae
1845 2471 1971 2518 manus
2003 2461 2035 2518 et
2067 2447 2168 2527 latus,

1180 2565 1254 2622 toto
1281 2566 1421 2644 pectore
1444 2577 1525 2638 oro,
1551 2565 1646 2622 utet
1669 2551 1762 2622 vitae
1783 2551 1935 2643 spatium
1965 2550 2110 2638 longum
2133 2557 2167 2616 et

1179 2655 1264 2722 felix
1281 2657 1339 2724 det
1356 2655 1428 2724 lilio
1445 2669 1560 2724 vestro
1577 2652 1744 2738 Nicolao,
1773 2665 1806 2722 et
1824 2677 1904 2723 eum
1918 2651 2105 2742 gubernet,
2132 2659 2168 2718 et

1179 2756 1280 2824 vobis
1316 2757 1525 2825 moestitiam
1564 2757 1688 2840 leniat5
1723 2755 1814 2824 sicut
1847 2755 1907 2823 ille
1936 2751 2056 2838 iussit,
2086 2775 2105 2820 a
2131 2771 2167 2818 sc

1178 2856 1349 2924 auxilium
1385 2858 1476 2946 peti,
1518 2870 1551 2924 ct
1589 2857 1654 2924 ait:
1708 2855 1825 2923 venite
1856 2855 1901 2922 ad
1935 2877 1992 2922 me
2024 2873 2162 2939 omnes,

1177 2956 1238 3048 qui
1272 2957 1441 3026 laboratis
1474 2971 1536 3026 etc.
1597 2954 1703 3025 Scitis
1736 2977 1900 3044 magnam
1932 2975 2005 3023 esse
2038 2965 2073 3022 et
2106 2952 2164 3020 iu·

1176 3058 1417 3148 explicabilem
1443 3057 1721 3127 imbecillitatem
1751 3051 1963 3140 humanam,
2000 3077 2065 3124 nec
2094 3051 2164 3122 ali-

1175 3171 1229 3228 ter
1245 3184 1310 3229 nos
1326 3184 1425 3252 posse
1441 3159 1635 3230 incolumes
1650 3181 1742 3241 esse,
1769 3158 1837 3226 nisi
1856 3170 2066 3244 gestemura
2090 3155 2163 3226 lilio

1174 3257 1262 3346 Dei,
1290 3263 1349 3356 qui
1369 3263 1447 3334 ideo
1464 3283 1613 3332 massam
1635 3275 1780 3330 naturae
1802 3273 1942 3329 nostrae
1965 3257 2164 3350 assumpsit,

1174 3377 1213 3431 ut
1238 3389 1304 3435 nos
1328 3365 1397 3433 sibi
1423 3366 1520 3435 velut
1547 3363 1697 3432 insertos
1723 3387 1805 3430 suae
1828 3383 1961 3431 massae
1978 3373 2163 3434 sustentet.

1173 3461 1280 3536 Hunc
1297 3466 1409 3536 hlium
1427 3467 1512 3551 Dei,
1538 3465 1722 3532 dominum
1744 3477 1905 3534 nostrum
1923 3460 1999 3538 LC.
2015 3487 2100 3548 orn,
2124 3476 2164 3532 ut

1174 3591 1394 3660 nosquoqnc
1416 3583 1524 3657 gestat
1546 3579 1580 3635 ct
1596 3563 1782 3636 Nicolaum
1806 3579 1842 3638 et
1862 3587 1929 3633 nos
1950 3565 2163 3636 consoletur.

1170 3666 1269 3740 Bene
1295 3671 1420 3744 valete.
1478 3667 1591 3739 Datae
1616 3665 1851 3758 Witebergae
1876 3662 1987 3742 1664.
2012 3667 2072 3737 die
2104 3663 2162 3738 18.
2250 3678 2252 3691 '

1171 3771 1341 3843 Ianuarii.

1167 4087 1317 4102 ffl-

143 4237 205 4298 pne
222 4215 428 4286 melioribus
449 4217 600 4307 ingeniis
613 4223 787 4298 insidiari.
836 4225 983 4298 Constat
1008 4230 1114 4315 euim,
1166 4229 1232 4301 No.
1248 4223 1363 4300 5534.

141 4307 332 4390 Nicolaum
349 4317 451 4410 culpa
473 4345 608 4408 carera3
630 4325 689 4392 scd
713 4325 841 4398 invasit
863 4352 943 4398 rum
966 4331 1113 4400 scelera-

135 4429 188 4488 tus
213 4417 363 4492 latronis
398 4445 516 4507 more,
550 4423 777 4518 diabolicis*)
814 4429 915 4498 furiis
948 4431 1112 4502 incitatus

126 4534 411 4612 praetereuntem
426 4546 506 4592 cum
519 4546 654 4595 summa
670 4531 840 4600 modestia
856 4545 887 4601 et
903 4535 1110 4604 redeuntem

123 4625 168 4693 ad
186 4623 307 4694 studia
324 4636 359 4692 et
374 4623 612 4712 precationem
629 4627 669 4696 ἰιι
681 4634 802 4716 aedes,
828 4655 915 4726 qtrrxs
932 4639 1111 4705 conduxe-

1435 4407 1441 4418 ’
1484 4411 1538 4504 Ρ.
1570 4415 1822 4500 Vincentio.

1266 4568 1345 4642 †Ex
1363 4587 1458 4644 apogr.
1526 4571 1591 4628 cod.
1611 4571 1689 4628 Paris
1706 4571 1742 4626 D.
1761 4568 1793 4625 1.
1812 4569 1873 4626 w.

124 4739 191 4798 rat.
262 4721 316 4794 Ac
347 4725 512 4794 mandata
543 4726 771 4800 illustrissimi
809 4733 977 4826 principis
1001 4735 1111 4807 Ducis
1188 4721 1325 4800 Petro
1348 4725 1393 4804 V
1394 4727 1616 4816 iacentia,
1638 4727 1697 4828 (in
1715 4721 1916 4798 Academia
1930 4719 2127 4826 Restant.)

120 4825 302 4898 Senoniae
316 4821 492 4896 Electoris
508 4829 636 4920 scripta
659 4846 741 4900 sunt
760 4835 804 4902 dc
826 4836 938 4904 milite
958 4841 1001 4906 ad
1026 4861 1111 4930 sup-

74 4947 79 4960 ’
119 4929 274 5020 plicium
292 4925 481 5018 rapiendo,
506 4929 710 5022 ubicunque
728 4930 967 5024 deprehensus
991 4941 1112 5018 fuerin

119 5027 344 5122 Quanquam
369 5041 486 5097 autern
508 5028 619 5122 pietas
634 5047 746 5102 vestra
763 5031 838 5106 Deo
854 5038 987 5130 placet,
1014 5043 1110 5136 quod

118 5131 159 5200 in
176 5143 276 5202 tanto
294 5128 492 5202 calamitate
510 5131 573 5201 filii
600 5131 638 5202 in
654 5157 781 5226 magno
801 5139 923 5210 dolore
938 5141 1038 5224 estis,
1058 5155 1112 5215 ta-

1164 4865 1211 4954 s.
1230 4881 1277 4960 D.
1327 4882 1468 4954 Clarias.
1483 4884 1538 4952 vir
1553 4897 1586 4952 et
1600 4884 1717 4957 carisa.
1731 4883 1847 4952 trater.
1897 4879 1975 4952 Tua
1990 4885 2151 4969 consilia,

1164 4984 1352 5078 dequibus
1368 5009 1481 5076 nuper
1495 4985 1683 5076 scripsisti,
1699 4997 1782 5076 opto
1804 4995 1845 5053 ut
1860 4999 1956 5074 ragat
1970 4983 2151 5072 liliusDei,

1165 5088 1283 5174 magni
1298 5087 1437 5156 consilii
1453 5087 1608 5176 angelus.
1659 5083 1700 5156 Si
1715 5109 1786 5154 una
1801 5083 1922 5156 vivere
1936 5086 2146 5180 aliquantis-

1165 5209 1228 5277 per
1249 5189 1480 5272 concedetur,
1515 5201 1551 5258 et
1581 5186 1701 5256 multis
1727 5187 1832 5256 bouis
1855 5201 1890 5258 ct
1912 5189 2025 5259 doctis
2060 5189 2148 5258 viris

1164 5301 1260 5376 grata
1275 5287 1343 5356 erit
1357 5301 1416 5359 tua
1435 5291 1663 5374 consuetudo,
1681 5301 1714 5360 et
1729 5284 1820 5359 mihi
1837 5289 1944 5358 leniet
1959 5313 2146 5360 aerumnae

147 5387 182 5456 *l
200 5381 272 5439 0⁰4·
286 5377 364 5438 ⁹³⁵⁸
378 5381 506 5438 ‘¹³⁶⁰'ss
1095 5393 1113 5458 t
1164 5410 1259 5457 meas
1278 5411 1352 5458 non
1372 5389 1506 5460 leviter.
1557 5389 1643 5464 Mea
1664 5392 1793 5464 usitata
1813 5391 1968 5484 precatio
1982 5403 2050 5478 eet,
2075 5413 2145 5486 qua
