4792 6186
918 1363 1301 1459 ·1coo.

1005 1707 1038 1766 1.
1051 1693 1116 1760 ian.

992 1787 1122 1816 Μ

150 1700 218 1773 Νο.
235 1695 350 1773 5906.

141 1798 355 1839 W

446 1891 523 1981 (ie.
551 1891 820 2006 Agricolae.

207 2069 292 2140 apoc
305 2063 395 2124 ooo.
413 2065 613 2140 psaesens.
630 2063 719 2120 oona.
737 2065 784 2120 aa.
797 2063 830 2122 ιι
848 2083 891 2140 ψ.
904 2062 986 2134 sse).

351 2215 408 2296 D.
434 2213 643 2336 Georpio
668 2213 921 2316 Agricolae

136 2375 187 2466 S·
213 2387 257 2464 D.
308 2385 519 2460 Doctissime
541 2387 599 2458 vir
628 2399 663 2457 et
687 2379 892 2458 charissime
917 2389 1046 2472 irater,
1080 2383 1131 2459 Ut

135 2492 284 2562 veniens
300 2513 415 2564 annus
434 2491 482 2563 sit
501 2491 636 2562 faustus
653 2501 686 2559 et
700 2487 784 2560 felix
801 2483 968 2562 Ecclesiis
982 2487 1069 2574 Dei,
1095 2501 1130 2560 et

134 2617 258 2666 earum
280 2586 463 2688 hospitiis,
489 2605 524 2666 et
545 2593 679 2686 patriae
705 2603 847 2664 nostrae
867 2593 1071 2678 universae,
1095 2605 1129 2662 et

134 2697 205 2768 tibi
219 2709 253 2766 et
270 2707 352 2766 tuae
367 2695 579 2768 domesticae
595 2690 785 2779 Ecclesiae,
808 2693 914 2766 faciat
929 2691 1043 2765 Pilius
1057 2693 1128 2764 Dei

135 2796 314 2867 Dominus
335 2809 457 2864 noster
478 2793 574 2864 Iesus
597 2789 782 2878 Christus,
812 2809 930 2864 custos
949 2789 1129 2864 Ecclesiae

137 2915 240 2973 snae,
265 2891 327 2986 qni
349 2892 429 2963 ideo
451 2917 599 2964 massam
622 2909 769 2964 naturae
790 2887 967 2964 humanae
984 2895 1128 2962 adsum-

135 2993 227 3088 psit,
251 3007 290 3066 ιιι
310 3015 376 3063 nos
396 3007 563 3088 tanquam
587 2994 748 3064 surculos
769 3016 851 3063 suae
865 3017 999 3064 massae
1015 2995 1129 3062 inscr-

133 3111 208 3179 tos,
232 3109 343 3186 gestet
357 3107 392 3165 et
407 3109 540 3182 servet,
563 3095 654 3168 sicut
676 3093 812 3190 inquit:
839 3089 927 3190 Ego
942 3119 1025 3166 sum
1043 3092 1129 3164 viles

133 3205 168 3266 et
184 3221 245 3268 eos
259 3193 446 3294 palmites.
497 3195 589 3268 Nam
615 3211 649 3268 et
671 3194 903 3289 imperiorum
926 3197 1068 3284 ruinae,
1094 3209 1129 3269 et

132 3300 349 3390 opinionum
368 3299 593 3370 confusiones
610 3299 835 3394 impendent:
854 3299 933 3369 ideo
948 3313 982 3372 et
997 3301 1126 3370 arden-

131 3403 287 3474 tioribus
310 3403 402 3472 votis
423 3415 600 3493 petamus,
634 3415 674 3472 ut
690 3398 803 3472 Filius
818 3398 885 3471 Dei
906 3423 972 3472 nos
996 3403 1127 3494 guber-

132 3517 216 3589 net,
240 3518 273 3574 et
297 3527 362 3574 nos
384 3503 519 3573 maiore
546 3527 629 3573 cura
654 3516 812 3574 nostram
837 3504 1125 3576 coniunctionem

132 3621 318 3690 tueamur,
343 3629 410 3700 qua
429 3607 472 3674 dc
486 3627 525 3674 re
542 3605 677 3700 aliquid
699 3605 791 3696 leges
808 3605 846 3674 in
864 3602 1126 3693 adhortatione,

132 3731 241 3802 mam
262 3707 385 3777 addidi
400 3704 649 3780 diiudicationi
670 3707 931 3778 controversiae
946 3703 1127 3782 Noriler-

128 3807 276 3907 gensis,
301 3831 408 3905 quam
422 3808 536 3880 mitto.
586 3807 685 3882 Bene
702 3823 736 3881 et
753 3809 1003 3884 ielicitervalc.
1048 3811 1126 3888 cat.

133 3913 312 3998 ianuarii,
339 3909 447 3983 Anno
466 3907 577 3988 1566.

998 4295 1031 4354 1.
1045 4283 1110 4352 lan.

988 4383 1122 4412 Μ

129 4277 332 4406 Q.

359 4477 488 4566 Hier.
515 4473 903 4590 Boumgortaero.

201 4641 291 4729 Epicu
307 4655 354 4710 lib.
368 4651 415 4710 Vi.
431 4671 463 4777 p.
482 4653 544 4710 ttt.
585 4648 637 4710 ilic
660 4671 692 4708 cs
717 4655 886 4726 autographo
908 4655 936 4710 in
963 4655 1026 4716 cod.
1053 4656 1124 4712 Mo·

236 4743 296 4782 osc·
311 4722 333 4780 1.
351 4739 378 4796 p.
391 4723 428 4777 20
445 4759 452 4778 .

126 4881 417 4979 Hieronymo
434 4874 792 4974 Bompcctacro,
813 4878 989 4956 Stactari
1003 4877 1124 4980 iocha-

404 4993 465 5064 tac
484 4979 590 5054 ardis
603 4976 850 5078 Norilcrgos.

126 5117 181 5212 S.
204 5129 249 5208 Ι).
302 5133 351 5207 Ut
373 5133 521 5206 veniens
544 5155 661 5204 annus
686 5135 731 5204 sit
751 5135 887 5210 lanatus
903 5157 938 5210 ct
960 5140 1066 5212 ioetix
1090 5153 1125 5214 et

126 5233 301 5310 Ecclesiis
325 5239 507 5308 nostriset
530 5259 651 5306 carram
675 5231 837 5330 hospitiis
855 5253 890 5310 et
907 5241 972 5312 tihi
987 5255 1021 5313 et
1043 5255 1124 5314 tuae

124 5335 309 5411 Ecclesiae
337 5339 570 5420 domesticae,
602 5339 706 5411 iaciat
736 5339 831 5411 filius
856 5339 923 5414 Dei
945 5341 1124 5416 Dominus

127 5455 254 5512 noster
276 5437 371 5510 lesus
394 5433 578 5524 Christus,
610 5443 673 5534 qui
704 5441 783 5512 ideo
804 5465 952 5516 muscus
976 5459 1125 5518 naturae

182 5548 361 5612 Mecum.
378 5545 483 5610 Om.
499 5545 580 5608 voc.
597 5543 685 5610 thl.

1185 1683 1363 1759 humanae
1384 1683 1521 1768 induit,
1547 1695 1589 1754 ut
1609 1703 1674 1752 nos
1695 1683 1846 1756 insertos
1868 1703 1952 1754 suae
1967 1701 2101 1752 massae
2116 1703 2176 1772 ge-

1184 1803 1251 1860 stet
1264 1803 1297 1860 et
1312 1799 1438 1860 servet.
1489 1783 1568 1857 Scis
1581 1786 1656 1877 ipse
1670 1785 1875 1876 impendere
1888 1807 2032 1876 magnas
2047 1807 2176 1876 regno·

1183 1915 1264 1961 rum
1280 1891 1414 1964 ruinas.
1452 1883 1625 1960 Turcicos
1638 1887 1744 1958 duces
1758 1887 1796 1956 in
1807 1885 1995 1958 Pannonis
2010 1899 2046 1958 et
2058 1885 2175 1956 vicina

1182 1993 1327 2084 regione
1349 1990 1540 2086 procedere
1563 2003 1596 2061 ct
1618 1988 1750 2059 nostris
1771 1990 1908 2083 eripere
1929 1988 2059 2059 multas
2078 2009 2175 2058 arces

1183 2109 1218 2166 et
1230 2095 1361 2190 oppida
1377 2105 1510 2164 certum
1527 2105 1591 2162 est.
1642 2089 1780 2162 Interea
1800 2081 1877 2186 ἦλις
1889 2085 1953 2164 act
1965 2080 2100 2183 μιθύει
2111 2085 2175 2161 καὶ

1181 2191 1374 2291 ψεύδεται,
1399 2207 1440 2265 nt
1456 2193 1589 2264 dicitur
1605 2191 1643 2262 in
1661 2193 1771 2262 veteri
1784 2189 2061 2285 Epigrammata.
2094 2185 2174 2261 Oro

1181 2299 1295 2370 filium
1307 2297 1376 2370 Dei
1398 2295 1579 2367 custodem
1597 2289 1774 2366 Ecclesiae
1794 2317 1878 2367 suae
1899 2307 1940 2366 ut
1961 2317 2028 2366 nos
2044 2293 2174 2384 guber-

1181 2414 1243 2472 net
1257 2415 1291 2473 et
1303 2412 1428 2473 servet.
1465 2393 1688 2469 Commendo
1704 2395 1770 2467 tihi
1784 2390 1961 2481 Barium,
1985 2391 2173 2466 honestum

1182 2517 1217 2574 et
1244 2505 1388 2576 doctum
1422 2500 1552 2571 virum.
1611 2495 1709 2569 Bene
1741 2501 1830 2575 vale.
1890 2496 1984 2572 cat..
2003 2495 2174 2572 Ianuarii.

1184 2602 1295 2680 1556.

1181 3046 1372 3178 Q.

1415 3233 1599 3324 Tertiae
1628 3237 1686 3326 dc
1717 3237 1937 3328 coetaneo.

1247 3405 1268 3466 a
1284 3397 1322 3454 n
1337 3398 1494 3474 ‚pampas
1507 3397 1537 3454 u
1551 3397 1616 3455 eor.
1630 3397 1714 3457 nas
1728 3401 1767 3456 n.
1778 3399 1809 3458 ι.
1821 3359 1884 3454 ἰιι

1514 3549 1833 3654 (Teslcmom'um.)

1177 3699 1293 3788 Extat
1313 3709 1407 3802 apud
1421 3703 1640 3780 Clementem
1655 3701 1757 3782 Alex.
1776 3719 1875 3778 vetus
1892 3707 2052 3784 definitio
2067 3711 2171 3786 iusti·

1178 3817 1264 3890 tiae:
1289 3801 1509 3904 δικαιοσύνη
1528 3801 1607 3879 ioci
1626 3802 1806 3884 κοινωνία
1822 3807 1917 3882 θεοῦ
1928 3807 2024 3906 μετὰ
2045 3807 2168 3910 loica·

1177 3943 1259 4006 τος,
1286 3911 1417 3984 iustitia
1440 3922 1493 3980 est
1509 3907 1677 3994 societas,
1702 3935 1771 4006 qua
1787 3933 1824 3981 se
1838 3910 1934 3985 Deus
1954 3915 2055 3988 vohis
2070 3941 2170 3988 com·

1177 4013 1336 4090 municat
1356 4037 1436 4085 cum
1460 4010 1719 4106 aequabilitate.
1770 4007 1840 4084 Hic
1857 4013 1957 4106 prior
1972 4039 2053 4110 pars
2068 4041 2170 4110 prae-

1178 4119 1264 4214 cipit
1287 4114 1503 4208 agnitionem
1527 4111 1617 4197 Dei,
1645 4135 1715 4208 qua
1729 4111 1827 4186 Deus
1850 4114 1925 4210 ipse
1943 4119 2063 4191 radios
2084 4143 2167 4191 snae

1177 4221 1266 4294 lucis
1282 4217 1320 4290 in
1335 4227 1471 4288 mentes
1485 4213 1561 4308 pias
1574 4214 1728 4308 spargit,
1752 4217 1862 4290 altera
1874 4242 1957 4312 pars
1972 4219 2088 4308 iubet,
2110 4221 2168 4295 in·

1176 4338 1230 4396 ter
1262 4315 1426 4392 homines
1458 4315 1552 4388 tueri
1579 4318 1780 4390 ordinatam
1813 4319 2060 4416 aequalitatem
2090 4335 2166 4393 tum

1177 4419 1417 4498 arithmetrica
1433 4433 1510 4492 tum
1526 4417 1737 4512 geometrica
1751 4419 1924 4510 analogia.
1949 4417 2041 4492 Cum
2059 4423 2168 4514 igitur

1178 4523 1236 4600 hic
1264 4519 1450 4600 Nicolcus
1477 4513 1632 4606 Coelen,
1664 4535 1769 4594 natus
1802 4522 1839 4594 in
1872 4521 2005 4614 oppido
2037 4525 2165 4596 veteris

1178 4623 1361 4702 Moechiae
1376 4623 1673 4716 Tangermunda,
1706 4623 1810 4694 sciret
1831 4615 1993 4694 homines
2007 4627 2103 4696 nasci
2120 4629 2165 4700 ad

1177 4731 1347 4804 iustitiam
1365 4727 1569 4810 colendam,
1594 4739 1780 4820 postquam
1797 4723 1955 4816 linguam
1971 4725 2118 4800 latinam
2133 4743 2167 4802 et

1177 4833 1348 4906 elementa
1365 4819 1612 4926 philosophiae
1628 4825 1765 4911 didicit,
1792 4849 1928 4896 summa
1944 4849 2028 4898 cura
2046 4829 2167 4925 inqui-

1176 4935 1261 5010 sivit
1274 4935 1389 5008 iontes
1410 4951 1513 5002 verae
1527 4927 1709 4998 doctrinae
1722 4927 1766 4998 dc
1779 4923 1856 4998 Deo
1877 4925 1915 4996 in
1928 4921 2087 5004 Ecclesia
2103 4931 2167 5004 tilii

1179 5037 1266 5124 Dei,
1298 5049 1337 5109 ut
1358 5045 1451 5104 recte
1473 5029 1616 5102 invocet
1642 5025 1769 5104 Deum.
1820 5025 2059 5122 Amplectitnc
2084 5057 2168 5126 ergo

1179 5141 1420 5230 incorruptam
1434 5127 1620 5222 Evangelii
1639 5127 1855 5218 doctrinam,
1879 5144 1913 5202 ct
1928 5133 2040 5204 animi
2055 5135 2169 5228 pieta·

1179 5258 1248 5312 tem
1270 5263 1351 5309 vera
1382 5231 1607 5306 invocatione
1627 5228 1697 5304 Dei
1722 5231 1761 5302 in
1784 5233 1964 5324 agnitione
1986 5249 2021 5306 et
2042 5235 2170 5308 fiducia

1179 5339 1394 5422 mediatoris,
1411 5333 1550 5406 domini
1564 5334 1678 5404 nostri
1698 5330 1726 5404 1.
1738 5331 1791 5420 C,
1816 5349 1851 5407 et
1866 5330 2013 5408 honesta
2028 5359 2170 5410 morum

1179 5441 1436 5534 gubernatione
1466 5433 1823 5608 declarat.⁴2Dcindc
1856 5435 1894 5504 iu
1928 5436 2060 5531 scripto
2094 5439 2173 5515 iure
