4782 6182
216 303 291 393 sas
734 271 1678 377 'artsr0tauuutta.x11.1sos.
2192 293 2280 371 seo

217 490 328 552 mant.
381 475 480 567 Toga
504 473 572 546 luit
593 471 776 558 Romana,
807 485 841 546 et
854 471 1019 547 distincta
1041 469 1151 559 ligura
1167 467 1213 538 ab
1266 467 1369 540 Nunc
1384 469 1428 540 de
1446 469 1594 558 pecunia
1609 468 1715 540 missa
1729 468 1813 539 dedi
1829 467 1954 540 viduae
1968 461 2134 562 hospitae
2149 467 2277 538 maio·

216 581 366 650 aliarum
382 582 542 670 gentium
559 578 706 648 vestitu:
732 589 767 646 et
782 569 1106 651 aiuntArcadicum
1124 570 1214 644 lub-
1265 595 1340 640 rem
1365 583 1518 662 partem,
1543 585 1583 642 ut
1604 596 1646 642 ex
1667 571 1821 672 pagella,
1848 595 1954 664 quam
1976 571 2099 655 mitto,
2127 569 2277 641 intelli-

217 705 266 766 se,
293 697 326 752 et
342 683 504 754 existimo
521 677 745 750 abEvandro
763 679 801 746 in
819 675 958 748 ltaliam
973 675 1112 748 illatum
1129 695 1213 742 esse.
1265 696 1335 761 ges.
1376 671 1490 742 Doleo
1507 673 1674 765 impediri
1687 673 1758 744 alia
1774 672 1922 744 meliora
1940 673 2086 762 negocia
2104 667 2165 740 his
2180 673 2276 742 ado-

216 783 371 853 Pallium
392 784 461 854 fuit
477 780 695 852 Graecorum
715 794 748 849 et
767 781 957 848 multarum
975 779 1133 869 gentium
1148 799 1212 844 ex·
1266 777 1460 844 lescentum
1475 775 1676 860 furoribus,
1701 777 1761 846 sed
1779 787 1918 860 tamen,
1942 789 2118 868 quantum
2138 798 2274 866 possu-

216 885 327 957 terior
350 887 512 955 vestitus:
539 898 575 954 et
595 884 692 952 aliud
714 884 860 971 longam
886 895 980 966 erat,
1006 879 1104 949 aliud
1129 901 1213 946 vero
1265 900 1362 960 naus,
1391 889 1426 946 et
1446 869 1534 947 haec
1555 877 1648 948 mala
1668 869 1863 951 sanemus.'
1896 875 2003 946 Mitto
2019 875 2276 948 narrationem

216 988 334 1056 brevis
350 989 489 1080 penula.
515 978 694 1082 φαινόλης
710 985 778 1056 fnit
793 1007 995 1068 servorum,
1016 1002 1214 1066 cursorum,
1266 971 1309 1046 F
1304 971 1464 1062 alderici,
1488 1003 1594 1072 quam
1610 980 1703 1068 leges
1718 975 1841 1054 Matri,
1874 975 2041 1073 Denique
2056 991 2176 1052 totam
2196 1004 2277 1050 rem

218 1091 509 1182 publicanorum,
535 1087 772 1162 etc.vestitus.
823 1139 836 1155 .

324 1205 469 1275 Praeter
492 1199 555 1273 has
579 1203 707 1292 figuras
730 1202 799 1272 snit
816 1199 968 1270 exterior
983 1197 1089 1268 vestis
1112 1219 1214 1264 sena-

219 1308 329 1392 toria,
364 1331 455 1400 quae
482 1308 552 1375 tait
582 1328 727 1397 prorsus
753 1303 879 1373 similis
902 1301 1044 1370 tunicae
1073 1293 1213 1366 honesti

218 1411 427 1495 sacerdotis,
464 1409 604 1498 longae:
647 1431 729 1476 cum
759 1404 923 1474 manticis
955 1426 1020 1473 nec
1045 1399 1214 1490 angustis,

220 1536 286 1582 nec
313 1512 419 1595 laxis,
446 1513 505 1582 sed
533 1509 792 1588 mediocribus,
824 1520 865 1578 ut
889 1504 1055 1598 antiquae
1081 1515 1214 1573 statuae

220 1617 423 1686 ostendunt.
475 1609 523 1683 Et
540 1612 604 1683 tali
621 1625 713 1680 veste
730 1633 833 1678 usum
851 1629 923 1677 esse
938 1602 1135 1689 Christum,
1164 1616 1215 1674 est

219 1731 511 1786 consentaneum:
539 1713 623 1806 quia
640 1713 726 1781 civis
743 1711 810 1780 luit
826 1710 863 1778 in
877 1709 1071 1800 municipio
1082 1705 1215 1797 Caper·

220 1843 341 1892 naum.
392 1813 475 1887 Non
491 1816 600 1906 igitur
616 1814 760 1884 incessit
778 1812 954 1904 palliatus,
980 1825 1020 1882 ut
1034 1806 1214 1880 Pharisaei

220 1934 281 1990 aut
303 1919 446 2010 vulgus:
473 1921 534 1987 sed
560 1918 706 1988 indntns
726 1915 844 1984 tunica
867 1913 1062 1998 senatoria,
1087 1926 1127 1984 ut
1147 1905 1215 1984 ho-

219 2016 492 2091 nesti'homines
509 2020 549 2088 in
565 2017 757 2110 municipio
772 2015 950 2091 Romano.

322 2137 463 2208 Latinis
476 2161 607 2208 nomen
620 2137 708 2208 stola
724 2137 768 2206 de
784 2135 952 2206 muliebri
965 2134 1095 2206 vestitu
1108 2155 1214 2204 usur-

219 2255 343 2331 patum
366 2254 434 2324 est,
459 2241 556 2333 quod
580 2253 716 2312 tantum
740 2239 896 2310 ostendit
918 2251 1032 2310 textus
1056 2236 1095 2306 in
1116 2233 1213 2306 lure:

222 2345 281 2410 sed
301 2342 339 2410 in
356 2339 491 2412 Graeca
513 2343 634 2431 lingua
651 2341 742 2410 stola
757 2353 809 2410 est
825 2341 885 2410 illa
904 2341 1010 2428 longa
1032 2334 1215 2408 honestior

222 2445 381 2514 virorum
405 2443 536 2516 tunica.
568 2443 649 2512 ideo
675 2441 714 2512 in
738 2439 935 2531 Evangelio
958 2443 1001 2510 de
1028 2439 1102 2508 filio
1129 2461 1230 2529 pro-¹

221 2543 323 2636 digo,
355 2545 395 2614 lit
415 2547 549 2615 mentio
575 2544 685 2616 stolae
705 2543 851 2633 primae.
902 2539 951 2612 Et
972 2542 1067 2633 apud
1090 2539 1215 2610 Xeno-

220 2643 391 2738 phontem
416 2643 589 2739 Cyaxares
612 2646 724 2716 mittit
746 2641 842 2744 Cyro
866 2643 1012 2729 stolam,
1046 2641 1214 2712 audituro

221 2751 354 2836 legatos
379 2749 418 2816 in
440 2749 568 2818 vestitu
590 2748 780 2816 senatorio.
842 2744 964 2838 ltaque
980 2759 1072 2816 recte
1094 2742 1214 2814 iudico

220 2848 503 2920 Illustrissimum
526 2848 729 2942 Principem
752 2853 796 2920 de
820 2861 914 2920 veste
936 2843 1070 2918 Christi
1094 2844 1215 2918 existi-

220 2975 337 3033 mare,
371 2975 446 3022 non
468 2953 578 3044 pallio
604 2975 727 3036 usum,
762 2953 822 3022 sed
848 2951 910 3020 illa
933 2944 1137 3020 honestiore
1152 2971 1214 3016 seu

221 3054 397 3124 senatoria
433 3055 563 3128 tunica.
624 3052 786 3124 Scribam
821 3054 909 3123 alias
942 3052 1056 3144 plura.
1116 3047 1214 3120 Bene

222 3158 318 3242 vale,
343 3152 411 3225 Die
426 3155 630 3263 Laurentii,
659 3153 765 3228 Anno
785 3154 895 3230 1556.

974 3490 977 3497 Ι
1050 3520 1106 3580 10.
1131 3513 1213 3594 Aug.

1036 3601 1208 3632 m

1160 3675 1170 3694 Ι

200 3513 204 3520 ’
221 3510 288 3584 Νο.
304 3510 419 3586 6048.

228 3605 401 3634 Μ

537 3707 605 3790 Io.
637 3703 894 3790 Praetorio.

322 3883 704 3972 Epist-lilaffipffleq.¹

263 4039 474 4114 Iohanni
504 4035 775 4122 Praetorio,
815 4015 959 4111 docenti
988 4035 1173 4136 Evangel.

586 4139 626 4218 V
626 4141 856 4214 ralislaviae.

223 4279 270 4368 S.
293 4294 336 4372 D.
377 4295 590 4366 Venerande
608 4294 675 4379 vir,
703 4307 737 4364 et
752 4287 957 4362 charissime
971 4293 1091 4368 irater.
1130 4293 1213 4384 Quo

222 4397 406 4470 insuavius
430 4411 482 4468 est
503 4395 689 4485 negocium
708 4393 750 4464 N.
766 4392 810 4466 N.
827 4387 882 4484 li),
905 4419 946 4463 eo
970 4396 1081 4485 magis
1098 4397 1162 4466 tibi
1180 4413 1213 4466 et

221 4701 355 4771 lescens
374 4727 457 4774 mox
477 4702 604 4791 fugerit
629 4715 707 4791 post

222 4803 318 4872 niam
338 4803 489 4874 alienam
510 4804 672 4874 abstulit:
708 4827 788 4872 cum
819 4802 896 4892 ipso
929 4800 999 4871 iam
1033 4797 1127 4872 nihil
1156 4827 1211 4892 agr

222 4918 345 4996 potest.
396 4903 469 4977 Res
486 4919 668 4986 ostreno,
693 4918 728 4974 et
750 4903 892 4994 publica
916 4903 1084 4974 citatione
1106 4917 1211 4974 nten-

221 5012 307 5080 dum
323 5007 409 5091 erit,
434 5006 504 5075 nisi
520 5021 632 5076 mater
646 5007 709 5075 lilii
726 5009 838 5075 famae
856 5005 1026 5080 consulet.
1077 5005 1130 5076 Ac
1147 5031 1208 5074 vo-

219 5110 338 5180 lumus
357 5131 423 5178 nos
446 5133 587 5202 qnoque
607 5107 761 5178 familiae
787 5103 954 5176 honestae
976 5109 1084 5199 parci.
1140 5105 1208 5178 Sed

220 5226 260 5282 tu
283 5234 362 5301 ages
386 5235 467 5282 cum
484 5209 619 5296 Matre,
641 5223 682 5282 ut
698 5211 830 5296 mittat,
856 5222 1028 5304 quantum
1051 5209 1211 5284 debetur.

219 5379 448 5394 *ιω-μ*

252 5485 280 5554 *l
299 5481 528 5555 Fateaeatorgst,
548 5484 582 5540 A.
595 5485 630 5539 D.
649 5509 685 5524 -·
721 5481 782 5538 vid.
796 5499 838 5553 ep.
853 5481 881 5538 d.
898 5481 924 5539 d.
939 5483 980 5538 12.
994 5481 1044 5538 ltd.

1267 1095 1301 1151 et
1317 1079 1525 1172 prudentiae
1539 1094 1573 1151 et
1587 1081 1670 1152 fidei
1687 1094 1766 1150 tuae
1782 1085 2004 1158 commendo.
2058 1079 2161 1150 Bene
2183 1083 2278 1164 vale,

1266 1197 1300 1254 et
1317 1181 1481 1254 rescribe.
1533 1181 1601 1254 Die
1617 1181 1931 1258 Laurentiitaoo.
1976 1181 2140 1258 Salutem
2165 1185 2276 1254 vobis

1266 1284 1433 1355 omnibus
1450 1299 1554 1378 opto,
1579 1299 1614 1356 et
1629 1285 1731 1356 mitto
1750 1285 1914 1378 pagellas.

2006 1379 2222 1478 Philippus.

1280 1787 1347 1863 No.
1362 1789 1478 1865 6049.

1272 1887 1486 1927 “a

2096 1800 2149 1862 to.
2171 1791 2253 1876 Aug.

2081 1881 2245 1914 m

1621 1989 1928 2124 Scholasticis.

1336 2145 1447 2204 Editum
1468 2160 1508 2206 eet
1526 2152 1579 2208 boe
1597 2151 1732 2224 scriptum
1754 2150 1783 2204 iu
1803 2149 1911 2210 libello:
1936 2146 2036 2218 Qratio
2058 2149 2093 2204 de
2107 2149 2260 2208 discrimine

1371 2217 1464 2304 legum
1477 2219 1652 2290 politicarum
1665 2230 1691 2274 et
1703 2219 1892 2302 traditionum,
1910 2237 1979 2290 quae
1991 2218 2021 2271 in
2030 2217 2158 2302 Ecclesia
2170 2223 2206 2304 'P
2218 2223 2253 2276 br·

1370 2289 1491 2342 manibus
1504 2290 1672 2344 conduntur.
1707 2289 1828 2342 Recitata
1843 2307 1858 2342 ι
1873 2289 1987 2342 Decano
2006 2286 2121 2358 collegat
2143 2289 2254 2358 pbiloso-

1370 2357 1455 2428 phici,
1472 2357 1760 2479 M²gss⁰f¹⁰l⁰mtf⁰
1772 2357 1889 2438 baram
1905 2356 2033 2440 Gygaeo,⁸
2046 2375 2116 2442 eom
2135 2363 2258 2416 decerne·

1371 2435 1448 2506 retur
1466 2443 1511 2490 gre
1533 2445 1564 2480 us
1583 2425 1733 2496 Magretern
1755 2427 1859 2510 elrrprot
1876 2427 1989 2508 erudttrs
2006 2445 2074 2482 vam
2093 2445 2176 2483 anno
2197 2431 2262 2484 totu

1371 2493 1498 2547 Wrtteb.
1513 2495 1588 2550 15⁵6.
1609 2495 1634 2551 8.
1652 2523 1687 2537 -
1722 2494 1785 2550 Non
1798 2495 1886 2549 solum
1901 2504 1989 2548 oratto
2002 2515 2017 2550 e
2032 2494 2218 2553 Mebnatone
2229 2511 2264 2552 ert

1369 2561 1652 2686 talliatlslll.
1666 2583 1779 2688 &53:¹0¹
1798 2564 2099 2688 diaiiii'iaii‘ii
2111 2567 2263 2692 “imai''

1372 2697 1532 2754 bothonem
1552 2667 1651 2754 balient
1671 2671 1819 2758 auctorehr.
1849 2730 1877 2741 -
1920 2655 2266 2778 Πυοοὰἱοιίιιξῦιῗέιεδεὶἑ

1371 2768 1514 2832 dedimus,
1539 2769 1686 2825 coniuncta
1714 2771 1842 2842 leguntur
1860 2769 1940 2826 etiem
1962 2771 1991 2826 in
2010 2771 2134 2846 Scriptis
2154 2775 2265 2847 publicis

1370 2837 1456 2893 Aced.
1469 2835 1596 2896 Witteb.
1606 2837 1647 2914 vT.
1660 2837 1695 2896 ll.
1714 2839 1744 2894 in
1761 2839 1826 2896 fane.

1747 3013 1788 3086 Α.

1267 3149 1445 3223 Decanus
1466 3143 1631 3244 Collegit
1646 3103 1908 3250 philosophici·
1930 3150 1969 3225 Β
1977 3153 2114 3226 artol
2121 3181 2257 3227 emens

1553 3249 1718 3324 Lasan
1746 3245 1976 3350 CygneuS.

1268 3407 1405 3493 Servat
1426 3419 1524 3488 Dens
1547 3443 1659 3508 genus
1682 3411 1878 3490 lrurnanum
1904 3435 1944 3492 ut
1966 3419 2054 3492 inde
2083 3441 2237 3495 aeternam

1267 3513 1462 3592 Ecclesiam
1486 3521 1648 3611 colligat,
1680 3536 1713 3591 et
1740 3515 1831 3592 hanc
1853 3546 1928 3599 non
1954 3523 2063 3596 aliter
2085 3529 2160 3598 nisi
2180 3548 2245 3596 rose

1268 3623 1450 3693 doctrinae
1466 3623 1618 3712 colligit,
1652 3647 1758 3714 quam
1776 3648 1839 3715 per
1855 3619 2045 3716 propbetas
2063 3643 2102 3700 et
2125 3643 2254 3722 aposto-

1268 3726 1322 3795 los
1346 3724 1509 3792 mandari
1533 3723 1660 3794 litteris
1682 3725 1806 3796 voluit
1858 3724 1936 3796 Hos
1959 3727 2071 3817 igitur
2095 3755 2183 3802 cum
2201 3730 2274 3819 legi.

1268 3841 1303 3899 et
1324 3839 1417 3896 recte
1439 3825 1591 3916 intelligi
1615 3825 1720 3911 velit,
1754 3828 1948 3898 necessaria
1971 3853 2045 3899 esse
2063 3834 2191 3904 studia
2204 3836 2263 3903 do·

1268 3928 1423 4000 centium
1439 3941 1473 3998 et
1490 3927 1704 4000 discentium
1718 3929 1943 4000 manifestum
1960 3945 2021 4002 est.
2052 3931 2172 4022 Quod
2189 3961 2265 4008 cum

1267 4031 1316 4102 ita
1333 4029 1396 4108 sit,
1422 4027 1594 4100 laetemur
1609 4055 1675 4100 nos
1690 4054 1763 4100 esse
1779 4032 1817 4100 in
1833 4031 1960 4104 militia
1977 4029 2056 4102 Deo
2075 4051 2206 4126 grata,
2231 4039 2268 4107 in

1268 4157 1337 4228 qua
1353 4133 1425 4202 dux
1440 4145 1491 4201 est
1504 4133 1579 4224 ipse
1593 4133 1687 4202 lilius
1698 4131 1765 4204 Dei
1779 4126 1887 4232 λόγος
1901 4135 2035 4232 aeterni
2052 4139 2185 4231 patris,
2208 4141 2271 4238 qni

1266 4257 1405 4328 semper
1427 4235 1526 4305 adest
1547 4235 1625 4305 voci
1649 4236 1849 4316 doctrinae,
1876 4250 1910 4306 et
1932 4231 1998 4308 hac
2012 4241 2273 4316 consolatione

1266 4361 1332 4406 nos
1366 4334 1559 4426 erigamus,
1600 4360 1646 4408 ne
1677 4339 1794 4421 studia
1819 4337 2004 4419 literarum
2036 4341 2273 4432 abiiciamus,

601 4497 604 4504 .
644 4497 653 4514 ‚
1265 4461 1355 4532 quae
1372 4461 1518 4526 magnae
1535 4437 1759 4508 difficultates
1779 4452 1815 4510 ct
1827 4463 2015 4512 aerumnae
2030 4445 2274 4520 comitantur.

223 4501 334 4568 debeo
365 4513 400 4570 et
422 4495 534 4569 habeo
565 4513 733 4586 gratiam,
765 4497 860 4588 quod
893 4511 927 4565 et
956 4501 1149 4587 pmdenter
1179 4515 1213 4569 et
1264 4539 1469 4610 serviamus
1491 4535 1565 4610 Deo

222 4613 315 4670 recte
337 4599 458 4671 omnia
477 4623 556 4670 cum
575 4597 690 4669 Matre
713 4597 825 4686 egisti.
877 4593 968 4667 Cum
991 4602 1212 4671 autemado-
1264 4641 1451 4712 dominum
1493 4637 1572 4714 lesu

1590 4553 1626 4611 et
1646 4537 1840 4626 Ecclesiae,
1876 4555 1910 4611 et
1938 4545 2064 4614 ducem
2095 4563 2271 4620 nostrum

1576 4667 1608 4710 m
1646 4637 1829 4713 Christum
1872 4643 2012 4716 sortiter
2052 4669 2274 4742 sequamur.

728 4724 804 4770 “³¹¹¹
831 4713 990 4784 mmm*
1019 4723 1089 4793 ΨΜ
1104 4725 1210 4820 9⁸⁰⁰ss
1263 4741 1448 4816 Pertincnt
1473 4757 1590 4813 autem
1615 4745 1658 4813 ad
1683 4745 1926 4814 doctrinarum
1951 4751 2273 4823 conservationem

1263 4845 1427 4916 exercitia
1442 4846 1478 4912 in
1501 4841 1631 4916 scholis
1647 4849 1841 4937 prudenter
1857 4849 2038 4934 instituta,
2063 4875 2104 4919 ac
2120 4857 2274 4944 praeci-

1263 4967 1331 5036 pue
1347 4947 1517 5020 examina.
1569 4943 1686 5017 Hodie
1701 4948 1820 5038 igitur,
1846 4951 1941 5043 qnod
1957 4949 2114 5020 faustum
2131 4969 2172 5026 et
2189 4959 2273 5027 foe-

1261 5047 1312 5118 lix
1326 5048 1390 5134 sit,
1410 5044 1497 5118 hora
1515 5047 1648 5140 prima,
1674 5047 1750 5120 Deo
1767 5050 1910 5120 iuvante
1936 5049 2074 5142 publice
2092 5059 2274 5148 explora-

1262 5150 1359 5219 bitur
1372 5149 1524 5219 eruditio
1541 5173 1679 5236 eomm‚
1706 5151 1768 5246 qui
1784 5177 1880 5222 nunc
1902 5153 2108 5225 testimonio
2131 5177 2271 5232 nostro

1261 5251 1416 5321 ornandi
1435 5265 1527 5325 sunt.
1579 5253 1635 5323 Ad
1655 5249 1748 5324 hauc
1765 5255 2067 5346 explorationem,
2091 5271 2133 5328 ut
2149 5265 2273 5332 colle-

1261 5375 1323 5441 gae
1345 5353 1456 5422 nostri
1479 5366 1513 5424 et
1535 5353 1598 5423 alii
1619 5357 1712 5428 docti
1739 5356 1807 5426 viri
1830 5357 2063 5442 conveniant,
2090 5363 2272 5450 petimus.

1261 5453 1359 5544 Quid
1376 5468 1426 5526 est
1441 5449 1625 5530 honestius
1639 5471 1674 5526 et
1693 5459 1835 5529 dulcius
1847 5459 2070 5528 eruditorum
2088 5486 2273 5554 congres-
