4808 6176
145 333 224 413 sas
731 259 1174 400 urt‘sronattun
1226 315 1443 398 ornan.
1492 317 1628 400 asse.
2131 325 2207 400 sn

145 501 215 577 No,
231 497 348 578 5635,
1008 493 1156 568 19.Nor.
1209 481 1278 561 lor.
1329 478 1378 559 Et
1401 509 1503 582 spero
1520 513 1582 559 vos
1598 487 1730 559 alicubi
1748 487 1779 558 ei
1797 487 1947 561 docendi
1963 491 2081 562 locum
2096 491 2201 568 datu-

163 597 339 630 m
499 605 504 619 ·
1018 591 1154 620 Μ
1209 611 1269 658 ros
1285 611 1368 674 esse,
1390 591 1452 660 ubi
1468 591 1549 684 plus
1567 593 1731 684 prodesse
1745 587 1922 662 Ecclesiae
1935 595 2074 686 poterit,
2093 619 2200 690 quam

501 693 553 783 G·
580 695 815 784 Kmppem,
1205 688 1246 758 in
1269 691 1361 763 aula.
1413 689 1478 764 Est
1496 693 1592 764 enim
1607 705 1700 764 recte
1718 695 1861 781 doctus,
1887 697 1980 766 etad
1998 697 2200 770 docendum

223 864 309 938 ttptst
330 857 445 920 ,Μ
464 857 568 934 PM
603 855 656 914 me
673 875 704 912 es
722 851 892 928 autographo
913 849 1019 910 im
1033 849 1153 910 Momt.
1205 791 1368 868 idoneus.
1420 792 1542 884 Quare
1558 820 1639 866 eum
1655 796 1722 866 tibi
1739 797 1966 868 commendo:
1993 801 2037 868 de
2053 801 2198 871 caeteris

258 931 361 1006 psus.
1204 894 1312 964 rebus
1337 919 1402 966 nec
1425 911 1541 980 vacat,
1576 923 1640 970 nec
1664 899 1755 970 libet
1778 899 1943 970 scribere.
1993 898 2198 974 serviamus

435 1085 443 1104 Ι
582 1078 585 1085 ,
814 1079 823 1099 .
859 1079 867 1098 ¹
1203 991 1281 1066 Deo
1304 997 1342 1068 in
1369 993 1546 1072 haedura
1570 1001 1713 1087 militia,
1745 1015 1781 1072 et
1800 1015 1960 1093 petamus
1982 1016 2023 1073 ut
2040 1003 2115 1094 ipse
2131 1027 2197 1075 nos

151 1083 382 1168 0²⁰'1'551'm0
405 1109 483 1160 ‘’W‘’
507 1125 561 1140 ···
586 1080 702 1158 D0m·
726 1075 989 1154 GWWI'M
1012 1073 1151 1149 ΚΜ·
1202 1099 1375 1188 gubernet
1399 1114 1437 1172 et
1458 1125 1557 1174 suam
1574 1099 1749 1198 Cymbam
1772 1117 1888 1194 regat,
1920 1103 2195 1196 sicutscriptum

151 1194 223 1270 tel
230 1194 246 1266 ι’
251 1219 293 1282 o,
324 1185 529 1263 Secretarr'o
553 1182 689 1284 inclyti
711 1178 900 1278 Principis
916 1177 1151 1256 Nassaar'en-
1201 1213 1268 1270 εὕρ,
1302 1195 1530 1275 Commendo
1544 1199 1628 1274 Deo
1643 1201 1740 1276 μίση,
1758 1212 1861 1276 ΜΠ,
1875 1212 1908 1274 01
1922 1228 2030 1304 spem
2047 1203 2086 1276 ἡ,
2102 1229 2195 1290 mm,

393 1289 468 1380 sis,
494 1289 614 1361 amico
628 1312 695 1360 sao
713 1283 908 1358 carissimo
1201 1309 1232 1370 et
1250 1299 1327 1398 ipse
1335 1302 1468 1401 saciet.
1519 1305 1618 1378 Bene
1634 1309 1724 1380 vale.
1770 1305 1839 1378 Die
1854 1305 2121 1380 Encaeniorum
2138 1306 2194 1380 le-

151 1437 201 1528 S.
224 1443 271 1520 D.
323 1441 580 1516 Honestissime
603 1440 670 1510 vir.
725 1437 813 1510 Sum
835 1451 954 1531 pater,
987 1449 1022 1510 et
1047 1459 1148 1529 saepe
1200 1405 1400 1501 ‘⁰⁸⁰¹l'ma0
1414 1406 1464 1504 1’)·

151 1577 229 1626 non
253 1548 370 1621 solum
395 1547 439 1616 de
455 1557 602 1636 paterna
618 1545 777 1638 στοργῇ,
802 1543 864 1611 sed
882 1539 989 1611 etiam
1004 1542 1050 1610 de
1064 1565 1149 1612 cau-

150 1659 219 1738 sis,
246 1653 292 1723 de
307 1648 492 1720 voluntate
508 1641 594 1732 Dei,
619 1647 664 1714 de
680 1639 856 1727 Ecclesia,
883 1645 927 1712 de
942 1643 1147 1735 posteritate

151 1751 325 1850 cogitavi,
356 1763 391 1821 et
413 1771 477 1819 oro
498 1748 611 1818 filium
632 1744 720 1832 Dei,
760 1745 823 1840 qui
847 1743 927 1815 ideo
949 1744 1148 1836 adsumpsit

150 1861 350 1935 humanam
365 1864 542 1935 naturam,
567 1862 609 1920 ut
622 1873 687 1920 nos
704 1860 873 1942 tanquam
888 1847 1049 1918 surculos
1063 1869 1146 1916 suae
1214 1873 1280 1950 No·
1298 1877 1401 1952 5537
1879 1867 1887 1882 ·
2022 1891 2069 1960 25
2095 1889 2167 1956 ΝΜ

152 1981 289 2035 massae
313 1955 466 2025 insertos
489 1963 624 2036 servet,
654 1949 819 2046 quicum
843 1941 1145 2040 velitgenushu-
1207 1931 1420 2013 sev-sl
2009 1935 2181 2015 „⁸02

157 2069 303 2136 manunt
320 2055 482 2128 doctrina
495 2052 643 2134 instrui,
661 2075 828 2171 procum
845 2050 962 2135 etiam,
987 2051 1145 2170 utlabo-
1540 2081 1597 2168 H·
1626 2080 1844 2170 Besoldo·

162 2187 221 2236 res
232 2175 364 2234 nostros
379 2159 553 2250 gubernet
567 2169 601 2226 et
612 2155 768 2239 adiuvet,
790 2166 824 2224 et
839 2175 977 2246 semper
989 2154 1145 2248 aliquam
1384 2236 1391 2252 ι

162 2261 352 2338 Ecclesiam
370 2261 465 2330 inter
487 2279 554 2328 nos
568 2257 709 2347 colligat
725 2269 760 2327 et
777 2277 853 2326 eam
871 2267 973 2326 ornet
988 2279 1050 2326 sua
1066 2255 1144 2324 luce
1263 2237 1349 2310 ⁸⁹³¹*
1373 2239 1421 2294 ¹¹⁵·
1434 2237 1486 2294 W·
1509 2255 1538 2322 t·
1551 2239 1611 2295 ⁵⁰¹·
1635 2239 1722 2309 “¹³⁰'‘
1754 2251 1786 2297 '¹²
1808 2241 1932 2316 vitetur,
1963 2264 1995 2303 ‘¹
2020 2253 2187 2328 '9⁰8³le

157 2383 195 2441 et
218 2365 293 2438 suis
307 2362 492 2436 beneficiis.
543 2357 587 2430 ln
608 2383 650 2430 eo
667 2381 816 2429 numero
833 2371 874 2428 ut
890 2357 935 2428 sit
952 2369 986 2430 ct
1002 2371 1064 2429 tua
1079 2381 1144 2448 po-
1297 2307 1373 2381 quoa
1385 2309 1499 2366 'm'
1511 2327 1542 2364 ¹¹¹
1554 2307 1618 2368 ⁰⁰³·
1633 2309 1745 2368 ΜΝ*
1760 2311 1796 2369 ¹¹·
1813 2331 1842 2388 Ρ·
1855 2315 1915 2373 ¹⁷¹·

152 2468 310 2552 peritas,
339 2479 414 2538 toto
436 2475 579 2558 pectore
601 2485 681 2532 eum
703 2483 779 2534 oro.
832 2457 876 2530 ln
896 2460 970 2530 tilio
994 2459 1145 2545 indoles,
1195 2461 1408 2540 Reverendo
1422 2463 1531 2553 Viro,
1555 2462 1758 2538 eruditione
1774 2477 1805 2540 et
1823 2469 1952 2546 virtute
1964 2479 2188 2576 praestanti,

149 2570 220 2648 Dei
241 2567 435 2691 praeficio,
463 2567 559 2682 hona
583 2576 647 2634 est.
697 2559 752 2633 De
772 2562 900 2682 studiis
925 2586 967 2683 ex
982 2562 1144 2634 oratione
1194 2567 1251 2646 D.
1267 2569 1558 2666 Hieronymo
1582 2566 1806 2656 Besoldo,
1831 2571 2083 2674 Evangeliam
2098 2607 2188 2682 pure

151 2677 229 2747 eius
244 2673 402 2745 rudrcare
416 2681 563 2761 potens.
620 2664 793 2735 Naturam
809 2687 886 2756 ipse
902 2665 1006 2735 stilus
1022 2676 1145 2735 osten·
1197 2681 1229 2745 et
1249 2667 1417 2768 fideliter
1440 2669 1584 2743 docenti
1609 2671 1649 2744 in
1676 2669 1847 2747 Ecclesia
1873 2673 1953 2751 Dei
1976 2679 2017 2752 in
2044 2681 2187 2784 inclyta

150 2779 204 2852 dit
218 2789 352 2848 rectam
369 2794 452 2844 esse.
502 2765 551 2839 Et
564 2791 642 2838 mea
657 2766 773 2838 officia
788 2766 821 2835 ei
837 2789 913 2836 non
928 2767 1092 2837 deerunt.
1299 2773 1386 2846 urhe
1398 2768 1670 2872 Norimhprga,
1688 2775 1818 2878 fram·
1828 2777 1868 2851 S·
1883 2781 2087 2866 carissimo,

255 2875 343 2948 Tibi
368 2874 473 2945 etiam
499 2872 709 2941 commendo
726 2860 935 2938 Iohannem
952 2867 1145 2968 Hosman-
1197 2905 1246 2996 s·
1272 2920 1333 2992 1).
1367 2917 1578 2991 venerande

151 3005 260 3066 num,
286 3001 391 3073 quern
417 2997 539 3067 spero,
565 2969 643 3042 Deo
666 2972 827 3055 iuvante,
851 2971 933 3041 usui
959 2993 1034 3041 esse
1047 2971 1146 3038 futu-

150 3109 234 3156 rum
250 3077 419 3152 Ecclesiis
444 3077 483 3146 in
506 3073 630 3168 patria.
680 3071 859 3162 Pegellam
875 3073 991 3143 mitto.
1041 3068 1146 3140 Nune

149 3187 251 3258 enirn
272 3183 342 3254 alia
366 3202 439 3250 non
461 3191 536 3250 erat
556 3177 600 3247 ad
623 3197 782 3248 manum.
834 3171 933 3244 Bene
949 3188 984 3246 et
997 3171 1148 3244 feliciter

149 3289 244 3362 vale.
292 3281 379 3368 Die,
411 3306 482 3378 quo
504 3277 674 3349 memoria
696 3276 894 3348 celebratur
915 3276 993 3368 piae
1008 3271 1148 3346 Princi-

152 3393 212 3484 pis
228 3383 445 3476 Turingicae
461 3375 702 3455 Elisabethae.
752 3375 861 3450 Anno
882 3375 994 3454 1554.

663 3494 854 3592 Philippus
871 3479 1098 3570 Melanllton.

1888 1503 2089 1606 Philippus.

1599 2921 1712 2994 viret
1732 2925 1908 2998 carissime
1928 2931 2049 3008 frater.
2099 2933 2188 3008 Exi-

1196 3025 1304 3094 stimo
1337 3037 1372 3094 te
1398 3022 1529 3092 vidisse
1555 3024 1736 3095 decretum
1762 3024 1845 3126 napi
1869 3026 2109 3130 δικαιοσύνης
2133 3039 2187 3110 sa·

1197 3138 1295 3196 ctum
1318 3123 1495 3194 recensio
1512 3124 1632 3196 littore
1647 3123 1825 3204 Balthico.
1878 3131 2024 3206 Utinam
2041 3139 2087 3210 sit
2102 3140 2188 3212 selis

1198 3218 1475 3324 ἐπανόρθωσις,
1501 3249 1541 3296 ac
1558 3227 1741 3321 aliquanto
1757 3246 1835 3324 post
1852 3234 2002 3309 sciemus
2017 3263 2072 3328 ea,
2097 3267 2188 3336 quae

1199 3343 1316 3401 secuta
1346 3342 1430 3400 sunt
1457 3328 1555 3398 illius
1575 3331 1708 3401 decreti
1730 3333 1937 3412 editionem.
2002 3338 2189 3418 Moderate

1200 3433 1361 3504 docendo
1386 3430 1581 3501 necessaria
1602 3432 1722 3502 vinces
1741 3439 1820 3510 τῶν
1845 3433 2048 3516 ἀντιδίκων
2071 3469 2189 3542 κραυ-

1199 3529 1280 3634 γὰς.
1330 3531 1470 3606 Recens
1494 3533 1540 3604 ad
1560 3555 1617 3604 me
1633 3533 1785 3608 Senatus
1797 3531 2087 3617 Ratisbonensis
2101 3549 2190 3620 scri-

1200 3637 1271 3729 psit
1291 3638 1335 3706 de
1357 3636 1462 3706 rebus
1475 3635 1634 3722 duabus,
1657 3651 1781 3730 petens
1796 3655 1837 3714 ut
1852 3667 1966 3716 meam
1981 3647 2189 3741 opinionem

1201 3738 1452 3830 significarem,
1498 3739 1543 3806 de
1580 3737 1695 3809 sonna
1734 3741 2001 3819 Ecclesiasticae
2042 3774 2189 3844 poenae,

171 3879 242 3952 No·
256 3873 369 3951 5535·
979 3879 1039 3946 25·
1055 3871 1138 3942 No..
1201 3863 1308 3935 quarn
1321 3839 1374 3910 ibi
1388 3831 1531 3910 Gallus
1546 3841 1732 3932 proponit,
1756 3840 1915 3942 καὶπερὶ
1928 3841 2063 3930 τόκων.
2112 3853 2188 3928 Re-

159 3975 378 4013 ννν
968 3963 1142 3996 *⁴²⁴⁹
1201 3942 1351 4034 spondi,
1375 3939 1475 4033 prius
1496 3939 1622 4010 iudicii
1637 3943 1788 4014 sormam
1805 3952 2090 4026 constituendam
2104 3980 2188 4036 esse,
2218 4039 2225 4048 ·

385 4077 513 4165 Hier·
534 4073 924 4185 Baumgappmo·
1200 4067 1267 4114 nec
1290 4066 1403 4162 unum
1426 4054 1596 4134 potestate
1620 4047 1884 4120 condemnandi
1915 4047 2090 4151 ἀκρίτους
2111 4060 2188 4128 sine

1201 4160 1404 4235 cognitione
1426 4143 1639 4214 armandum
1654 4169 1738 4220 esse.
1789 4148 1930 4240 Quaeso
1950 4170 1989 4227 ut
2006 4157 2190 4248 significes,

226 4229 718 4429 El’ssfiu'iipli'ahminiiilff
733 4225 1024 4370 litliilpiclliitffssi
1036 4225 1151 4368 ¹22⁰.ss
1201 4271 1249 4316 an
1274 4247 1320 4318 sd
1351 4257 1485 4316 vestros
1513 4244 1620 4318 etiam
1643 4249 1821 4342 scripserit
1846 4252 1997 4330 Senatus
2020 4255 2190 4332 Ratisbo·

257 4377 360 4448 „tsse
400 4365 800 4443 .s.1teetr.pert’utatum.”
1068 4419 1071 4426 ,
1201 4347 1335 4423 nensis.
1385 4339 1589 4422 Nicolaum
1614 4367 1776 4424 nostrum
1798 4354 1866 4426 tibi
1881 4369 1916 4428 et
1931 4360 2055 4428 ceteris
2069 4363 2195 4450 amicis¹

155 4525 446 4624 Hieronymo
483 4513 850 4613 Bompartnsro,
889 4507 1068 4584 Senatort‘
1091 4507 1151 4582 in-
1202 4449 1424 4522 ⁰⁰m¹⁰⁹nd⁰'
1475 4447 1574 4521 Bene
1597 4453 1695 4540 νύξ’
1726 4449 1796 4524 Di²
1810 4451 2074 4532 E⁰⁰⁸²¹¹50fflffl
2091 4461 2190 4536 101⁰·

393 4621 514 4722 elytae
540 4618 644 4694 urbis
669 4611 914 4712 Noribergae.

156 4767 208 4860 S.
234 4775 280 4852 D.
331 4766 518 4848 Nicolaus
535 4763 574 4865 ¹¹)
595 4777 716 4835 noster
738 4777 773 4835 et
795 4763 889 4856 apud
912 4783 979 4832 nos
1004 4756 1151 4832 honeste
1202 4773 2188 4808 --·---—--—-------

157 4882 259 4962 vixit,
287 4893 321 4950 et
334 4876 572 4947 adolescentes
587 4867 737 4937 fideliter
751 4865 893 4950 erudiit,
912 4863 974 4958 qui
989 4863 1028 4932 in
1044 4863 1152 4932 disci·
2216 4911 2220 4920 ,

154 4986 297 5082 plinam
321 4979 388 5073 ipsi
413 4974 536 5048 traditi
558 4971 715 5041 suerunt.
765 4964 817 5038 Ea
839 4967 879 5036 in
903 4989 941 5035 re
963 4965 1071 5036 etiam
1089 4965 1153 5035 ds-
1203 4915 1403 5052 Q·
1721 4949 1742 4970 ‘⁸
2018 4939 2187 5061 Q

155 5079 307 5162 clarahit
328 5077 539 5151 modestiam
559 5092 678 5157 suam,
702 5071 798 5164 quod
822 5081 972 5140 aetatem
988 5067 1152 5138 nondum

157 5184 333 5262 iudicavit
365 5183 530 5253 idoneam
559 5197 632 5246 esse
660 5173 705 5243 ad
732 5172 922 5261 regendam
945 5165 1152 5244 Ecclesiam.
1567 5122 1635 5210 M·
1664 5125 1819 5213 Hosto.

158 5289 241 5365 Etsi
259 5301 375 5360 autem
393 5303 490 5354 nune
507 5289 604 5369 eget,
637 5289 754 5348 tamen
771 5271 970 5346 libertatem
986 5269 1018 5342 ci
1032 5285 1153 5364 gratu-
1304 5281 1383 5356 flu
1398 5298 1495 5356 uest·
1513 5281 1543 5340 ¹⁸
1561 5283 1626 5342 ωδ·
1647 5283 1724 5342 Part·
1741 5287 1778 5346 D·
1798 5289 1830 5348 t.
1849 5275 1915 5348 ⁵⁴⁸5

195 5513 230 5583 θ)
251 5509 393 5571 rauna.
410 5507 466 5562 sire
485 5501 653 5559 attenuas.
1240 5493 1275 5565 *)
1291 5493 1353 5552 Alis
1371 5511 1467 5550 manus
1484 5492 1640 5568 adscripsits
1657 5519 1703 5556 su.
1724 5503 1800 5557 1554.
1909 5503 1912 5511 ’
1937 5517 1944 5546 ι

1523 5566 1608 5646 24·

1202 4553 1370 4650 solymae.

1204 5409 1432 5432 m
