4792 6186
117 319 182 400 553
671 311 1106 392 EPISTOLARUM
1157 312 1263 395 ΜΒ.
1290 313 1374 395 llll.
1426 313 1558 410 toas.
2075 319 2156 400 554.

118 486 298 561 humanus.
348 481 446 574 Quid
464 477 550 554 haee
566 483 610 552 ad
627 480 731 553 Pauli
745 484 901 555 dictum:
928 475 1105 554 Credents'
1154 499 1231 552 una
1248 480 1446 554 reuulsam
1460 492 1492 555 ct
1506 481 1737 583 perspicuam
1755 481 1869 582 legem
1886 509 1962 558 csse
1978 497 2150 586 oportere.

111 584 200 686 fides
233 585 438 684 imputatur
463 579 519 654 ud
541 582 753 654 iustitiam?
816 585 1000 657 Funckius
1025 609 1099 656 non
1152 581 1202 656 Et
1226 582 1327 657 Plato
1350 587 1553 658 dulcissime
1577 589 1696 684 inquit
1717 590 1756 659 in
1780 606 1905 684 quarto
1928 593 1973 662 de
1994 593 2146 682 legibus:

116 693 228 764 miuus
250 691 370 779 inepte
394 699 579 758 mutuatur
602 688 845 759 definitionem
872 713 892 759 a
919 685 1097 759 Iuriscon-
1153 683 1199 758 οὐ
1220 679 1293 760 δύο
1314 683 1399 786 περὶ
1423 684 1525 774 ἐνὸς,
1560 685 1653 762 ἀλλὰ
1676 687 1743 764 ἑνὰ
1769 689 1853 785 περὶ
1874 687 1974 778 ἑνὸς,
2009 689 2150 767 deidei

118 795 229 876 sultis,
255 807 295 862 ut
311 789 520 862 Malvenda.
569 787 684 860 Error
697 805 816 862 autem
832 792 871 862 in
890 790 1098 861 delinitione
1151 780 1266 888 λόγον
1286 784 1579 886 ἀποφαίνεσθαι.
1631 790 1681 864 Et
1702 795 1887 866 notissima
1911 797 1957 864 sit
1980 796 2147 868 omnibus

14 939 20 980 ι
116 899 189 966 fons
213 907 264 965 est
285 893 414 962 deinde
437 891 632 962 multorum
658 915 833 969 errorum.
885 891 958 965 Ubi
980 905 1096 962 autem
1151 892 1576 996 admonitioSyracidae,
1601 895 1666 990 qui
1687 897 1757 982 ait,
1783 895 1859 967 Deo
1883 911 1916 968 et
1937 893 2146 969 hominibus

14 1039 27 1106 p
116 1000 206 1070 locus
227 996 276 1064 sit
297 994 498 1064 forensibus
520 993 806 1080 delinitionibus,
837 1019 918 1066 cum
935 995 1099 1064 videlicet
1151 993 1325 1082 ingratam
1351 1017 1424 1064 esse
1445 991 1689 1088 sophisticam:
1724 993 1825 1070 ἐστὶν
1844 992 2088 1094 σοφιζόμενος
2105 999 2146 1073 ἐν

16 1141 28 1184 5
113 1097 328 1170 de‘doctrina
347 1096 651 1186 operumdicitur,
676 1093 951 1169 idinEcclcsiis
967 1097 1097 1168 nostris
1150 1087 1272 1218 tripete
1295 1091 1467 1192 μισητὸς,
1505 1093 1576 1170 οὐκ
1603 1092 1722 1195 ἐδόθη
1752 1098 1858 1198 αὐτῷ
1883 1097 1986 1198 παρὰ
2007 1096 2144 1198 κυρίου

14 1243 26 1290 ρ
111 1201 288 1297 perspicue
306 1199 510 1290 explicatur.
1144 1221 1266 1294 χαρις.

14 1341 24 1392 p
206 1301 347 1374 Deinde
370 1301 457 1394 quid
481 1323 580 1370 mens
601 1300 847 1394 perterrefacta
862 1300 1014 1386 iudicat,
1039 1324 1096 1370 re-
1250 1298 1348 1372 Haec
1364 1301 1408 1370 de
1421 1299 1597 1392 ambiguis
1612 1301 1743 1373 dixisse
1761 1303 1845 1376 satis
1862 1303 1920 1390 sit,
1944 1329 1984 1375 ac
1998 1318 2145 1399 propter

14 1451 21 1496 ρ
113 1429 233 1480 manne
254 1427 299 1474 an
318 1403 506 1474 verborum
526 1403 780 1474 dissensionem
797 1426 890 1488 esse,
915 1427 996 1474 cum
1010 1402 1097 1472 dicit
1148 1399 1299 1490 gloriam
1321 1398 1408 1488 Dei,
1441 1416 1477 1473 et
1505 1417 1651 1496 propter
1678 1407 1826 1477 salutem
1854 1407 2074 1494 animamm,
2108 1421 2143 1478 et

111 1533 174 1578 vcra
195 1505 399 1595 Evangelii:
437 1498 510 1573 Per
536 1500 828 1576 miseritordr‘om
851 1512 999 1601 propfer
1013 1497 1098 1596 filii
1149 1502 1328 1595 publicam
1354 1499 1534 1574 Ecclesiae
1562 1509 1808 1592 concordiam,
1845 1507 2022 1579 discamus
2050 1521 2142 1580 recte

110 1603 737 1684 obedientlamiustisumussoram
754 1605 866 1678 Deo?
917 1604 1096 1678 Osiander
1149 1605 1347 1696 intelligere
1370 1629 1572 1676 sermonem
1595 1607 1779 1691 divinum,
1806 1623 1841 1679 et
1863 1633 1965 1697 cum,
1987 1613 2142 1684 utdecet

110 1713 241 1806 inquit,
275 1709 359 1780 iusti
380 1733 502 1780 sumus
523 1723 667 1802 propter
688 1709 859 1781 iustitiam
874 1709 1094 1780 essentialem
1148 1707 1298 1796 legatos,
1330 1708 1538 1793 bonafide,
1573 1711 1759 1802 perspicuo
1791 1735 1919 1800 genere
1954 1714 2140 1810 orationis,

110 1815 234 1910 patris,
259 1811 344 1897 filii,
370 1825 405 1882 et
420 1810 577 1901 Spiritus
599 1812 722 1886 sancti.
783 1809 888 1884 Item:
920 1810 1012 1884 Cum
1036 1811 1094 1880 in·
1148 1809 1225 1878 siue
1247 1810 1477 1900 corruptelis,
1503 1810 1580 1880 sine
1596 1812 1824 1904 imposturis,
1850 1828 1883 1884 et
1898 1814 1974 1883 sinc
1992 1815 2140 1904 praesti·

109 1928 337 2011 terpretatur,
369 1913 547 1984 iustificati
569 1913 758 2005 sanguine,
793 1914 927 2000 idest,
960 1912 1096 1983 divini·
1147 1910 1214 2000 giis
1228 1907 1405 1981 Ecclesiae
1422 1936 1674 2004 proponamus.
1712 1911 1761 1984 Et
1779 1915 1823 1984 ad
1844 1909 1939 1986 hunc
1957 1916 2139 1986 difficilem

112 2035 190 2094 tate.
239 2015 372 2086 Notum
389 2029 439 2086 est
454 2016 573 2101 etiam,
598 2017 771 2109 quosdam
787 2029 880 2087 terra
898 2031 932 2087 et
947 2009 1095 2110 όύσφη-
1147 2013 1304 2082 laborem
1339 2013 1574 2104 adiungamus
1600 2016 1776 2086 assiduam
1803 2031 1837 2086 et
1863 2019 2046 2087 ardentem
2071 2015 2140 2087 Dei

117 2146 167 2212 μα
181 2117 303 2190 dixisse
320 2120 363 2187 de
377 2119 548 2207 sanguine
562 2113 715 2203 Christi,
740 2141 830 2212 quos
847 2119 969 2212 puniri
987 2141 1093 2208 opor·
1147 2115 1430 2200 invocationem,
1458 2129 1493 2185 et
1517 2129 1696 2208 petamus,
1729 2131 1769 2188 ut
1792 2142 1866 2187 non
1881 2119 1996 2190 solum
2021 2119 2059 2188 in
2084 2119 2140 2188 di-

117 2223 190 2307 fuit,
215 2235 243 2290 et
257 2233 400 2313 propter
413 2221 563 2309 gloriam
579 2215 723 2304 Christi,
749 2234 784 2290 et
800 2221 948 2312 exempli
963 2239 1093 2290 caussa.
1145 2219 1296 2302 scendo,
1322 2230 1357 2288 ct
1374 2217 1412 2284 in
1429 2219 1589 2287 docendo
1610 2218 1705 2287 filius
1719 2217 1787 2288 Dei
1802 2213 1911 2318 λόγος
1924 2222 2059 2290 aeterni
2078 2245 2141 2312 pa-

206 2321 274 2394 Sed
298 2325 342 2393 de
364 2323 538 2411 ambiguis
554 2323 721 2397 dicamus.
773 2319 924 2392 Etiamsi
942 2322 981 2390 in
997 2345 1092 2390 corn-
1148 2318 1213 2388 tris
1228 2341 1293 2388 nos
1310 2320 1502 2408 gubernet,
1524 2321 1586 2390 sed
1603 2322 1708 2390 etiam
1725 2333 1766 2391 ut
1782 2325 1873 2392 adsit
1888 2323 1926 2392 in
1941 2324 2140 2393 ministerio

107 2425 204 2496 muni
225 2449 387 2496 sermone
411 2426 576 2513 ambigua
599 2425 711 2495 multa
735 2425 901 2496 excidunt
914 2424 1093 2506 omnibus,
1146 2415 1352 2510 Evangelii,
1385 2421 1432 2492 sit
1462 2421 1600 2510 efficax,
1641 2438 1676 2493 et
1697 2423 1840 2514 colligat
1863 2425 1937 2520 ipse
1960 2438 2139 2494 aeternam

14 2593 16 2622 ρ
106 2541 221 2597 tamen
256 2527 449 2597 necessaria
476 2551 560 2598 cura
587 2541 639 2597 est
663 2527 704 2596 in
729 2529 954 2616 dogmatibus
980 2526 1092 2596 vitare
1144 2519 1341 2594 Ecclesiam
1365 2547 1450 2594 voce
1473 2537 1605 2595 nostra.
1657 2524 1766 2614 Quod
1788 2517 1884 2597 baud
1909 2527 2017 2598 dubie
2042 2527 2139 2610 facit,

14 2695 16 2710 ‚
103 2630 288 2719 ambigua,
313 2630 495 2713 insidiosa,
522 2643 557 2699 et
574 2629 731 2720 paritura
747 2630 935 2700 dissimiles
950 2628 1090 2718 opinio·
1146 2625 1287 2710 sedita,
1313 2650 1394 2696 cum
1411 2626 1627 2715 doctrinam,
1650 2653 1758 2723 quarn
1776 2631 1935 2718 tradidit,
1961 2650 2141 2714 sonamus,

14 2725 16 2736 ’
103 2754 185 2816 nes,
218 2743 254 2800 et
277 2731 482 2804 discordias.
532 2729 616 2802 Non
638 2745 690 2802 est
714 2733 811 2800 enim
832 2726 1091 2801 docerch·oi-
1145 2728 1468 2819 noncorruptelas.

97 2854 184 2911 nes,
209 2853 371 2918 spargere
390 2831 481 2900 dicta
498 2831 698 2924 flexiloqua,
723 2835 785 2900 sed
804 2856 919 2902 serere
935 2831 1092 2915 dissidia,
1151 2893 1155 2900 ,
1248 2824 1296 2897 Ut
1316 2842 1432 2898 autem
1453 2827 1603 2921 quisque
1626 2831 1971 2917 eruditissimuscst,
1998 2834 2045 2901 ita
2063 2855 2140 2900 ma·

94 2945 318 3021 ettanqunm
334 2933 453 3022 μῆλον
469 2926 590 3022 ἔριδος
604 2932 829 3000 auditoribus
843 2933 1008 3004 obiicere.
1144 2928 1237 2998 xime
1270 2929 1470 2998 considerat
1499 2930 1782 3017 magnitudinem
1813 2932 1868 3001 sui
1892 2935 2069 3015 muneris,
2104 2945 2140 3004 et

205 3029 249 3100 ln
272 3029 469 3124 Syrmiensi
491 3028 636 3124 Synodo
664 3031 909 3102 existimarunt
934 3033 1093 3125 quidam,
1144 3027 1322 3120 agnoscit,
1366 3028 1405 3098 in
1434 3025 1501 3099 hac
1528 3031 1711 3102 communi
1740 3033 1946 3104 infirmitate
1970 3035 2140 3105 omnibus

94 3129 469 3208 distractasEcclesias
483 3155 604 3202 rursus
621 3130 790 3224 coniungi
806 3156 907 3226 posse
922 3130 989 3204 hoc
1004 3158 1091 3204 con·
1144 3131 1257 3210 multa
1280 3129 1495 3201 inconcinne
1518 3131 1611 3202 dicta
1632 3133 1810 3219 excidere,
1837 3149 1871 3205 ct
1886 3135 2057 3206 maiorem
2072 3159 2139 3205 cu·

93 3237 202 3319 silio,
241 3237 271 3304 si
290 3259 331 3304 ex
353 3232 526 3328 Symbolo
550 3233 762 3304 eximeretur
782 3259 851 3305 vox
875 3229 1090 3328 όμοοόσιον,
1143 3257 1220 3304 τοττι
1255 3231 1469 3304 indicendo
1498 3227 1657 3308 adhibet.
1725 3231 1859 3308 Contra
1889 3238 2025 3308 indocti
2058 3249 2144 3309 sunt

92 3354 134 3410 et
161 3336 324 3428 generale
359 3338 507 3407 verbum
540 3331 672 3427 ὅμοιον
693 3337 920 3411 insereretur.
979 3335 1032 3409 lta
1060 3339 1090 3406 si
1144 3328 1319 3431 φίλαυτοι
1337 3347 1372 3406 ct
1394 3336 1562 3417 audaces,
1586 3349 1629 3408 ut
1648 3336 1797 3424 dieitur,
1822 3335 1973 3432 ἀμαθία
1994 3332 2141 3433 θράσος

93 3439 312 3534 Symbolum
336 3438 381 3508 ab
405 3453 556 3531 utraque
578 3451 868 3532 partereceptum
885 3451 991 3525 esset,
1017 3439 1092 3510 coi·
1144 3429 1400 3534 ἀπεργάζεται.
1452 3435 1523 3509 Sed
1548 3438 1587 3508 in
1601 3432 1659 3508 his
1676 3438 1750 3520 illi,
1775 3441 1839 3534 qui
1855 3442 2031 3513 sanabiles
2043 3455 2140 3526 sunt,

91 3556 198 3614 tures
213 3563 286 3610 esse
299 3535 487 3625 Ecclesiae
513 3540 736 3626 necrefcrre,
762 3541 900 3612 etiamsi
916 3541 979 3612 alii
993 3543 1090 3613 aliud
1144 3561 1164 3608 a
1179 3539 1477 3630 gubernatoribus
1493 3540 1765 3622 admoneantur,
1782 3555 1823 3612 ut
1839 3543 2005 3633 cogitent,
2023 3565 2141 3637 quau·

90 3644 136 3714 in
162 3643 320 3715 dictione
342 3636 474 3734 όμοιον
496 3641 754 3731 intelligerent,
787 3644 871 3738 quia
888 3644 982 3714 idem
1001 3644 1092 3716 utri·
1144 3653 1222 3711 tum
1239 3663 1339 3711 >onus
1358 3641 1575 3724 sustineant,
1602 3657 1637 3714 ct
1658 3643 1731 3714 sint
1751 3642 1995 3736 diligentiores
2016 3645 2056 3715 in
2077 3669 2139 3715 co-

88 3769 167 3839 qne
184 3757 364 3818 sonarent.
414 3741 485 3817 Hic
503 3739 703 3817 cothurnus
717 3745 829 3838 magis
842 3745 940 3818 auxit
955 3745 1091 3819 discor·
1143 3744 1356 3832 gnoscendis
1369 3743 1554 3814 doctrinae
1568 3743 1749 3830 fontibus,
1774 3769 1839 3817 nec
1854 3747 2074 3833 existiment,
2099 3769 2138 3818 se

91 3849 188 3920 dias·
229 3877 233 3886 ·
412 3859 423 3868 “
1143 3844 1343 3917 satisfacere
1362 3845 1479 3916 officio
1500 3845 1675 3918 divinitus
1688 3849 1876 3935 mandato,
1900 3849 1932 3920 si
1946 3849 2140 3940 garrulita-

202 3945 339 4038 Regula
360 3945 470 4037 igitur
482 3944 585 4018 Parsli
599 3948 732 4020 talibus
745 3949 1092 4021 consiliisantefcra·
1144 3960 1236 4034 tem,
1270 3959 1320 4018 et·
1334 3945 1539 4018 futilitatem
1562 3951 1606 4016 ad
1632 3943 1827 4018 Ecclesiam
1851 3951 2041 4040 adferant.¹
2084 3948 2140 4022 Dc

100 4065 181 4138 tur,
213 4051 276 4142 qui
298 4047 398 4120 iubet
421 4050 572 4120 formam
594 4051 747 4125 retinere
769 4075 938 4122 sanorum
963 4053 1091 4120 verbo-
1127 4049 1243 4134 aliis,
1282 4047 1345 4142 qui
1382 4059 1466 4118 sunt
1497 4047 1731 4137 insanabiles,
1764 4065 1986 4142 arrogantes,
2018 4053 2137 4143 impu·

94 4175 201 4237 rum,
221 4154 344 4234 idest,
369 4164 483 4221 certos
506 4151 677 4244 loquendi
696 4153 843 4238 modos,
869 4167 910 4223 ut
936 4149 1089 4222 docendi
1144 4152 1287 4235 dentes,
1320 4149 1542 4236 turbulenti,
1567 4151 1660 4221 faces
1679 4151 1959 4237 discordiarum,
1984 4167 2020 4226 et
2042 4151 2138 4224 aedi-

88 4253 191 4326 ratio
218 4254 385 4345 postulat.
450 4247 498 4322 Et
523 4254 568 4322 ad
591 4249 723 4346 Ephes.
752 4253 943 4347 praecipit,
983 4253 1089 4325 vitari
1143 4251 1304 4336 tionum,
1329 4249 1461 4321 iudicia
1477 4247 1656 4322 Ecclesiae
1674 4255 1922 4330 consulantur.

79 4353 257 4454 κυβείαν
270 4370 304 4427 et
318 4347 567 4452 πανουργίαν.
1243 4350 1347 4425 Hanc
1371 4367 1532 4424 nostram
1549 4349 1782 4441 Orationem,
1807 4369 1847 4426 ut
1869 4353 1957 4427 boni
1972 4352 2138 4424 consula-

199 4458 299 4550 Quid
321 4462 374 4528 'est
394 4471 511 4528 autern
528 4470 601 4529 tam
616 4453 866 4542 simileludis,
891 4457 1089 4548 etpraesti-
1142 4454 1205 4541 tis,
1238 4477 1303 4524 vus
1322 4468 1484 4526 amanter
1503 4479 1656 4531 oramus,
1721 4456 1827 4530 Scitis
1850 4457 1947 4526 enim
1970 4455 2137 4528 divinum

71 4565 182 4656 giis,
218 4584 325 4656 quam
348 4559 386 4629 in
411 4558 584 4650 populum
607 4557 774 4647 ambigue
795 4557 887 4629 dicta
904 4560 1090 4652 spargere?
1142 4569 1368 4650 praeceptum
1389 4579 1480 4638 esse,
1505 4569 1548 4628 ut
1568 4560 1607 4628 in
1626 4555 1782 4630 Ecclesia
1804 4559 1891 4630 tales
1910 4558 2135 4627 bantadmo·

70 4665 208 4757 Quod
230 4687 276 4734 ne
291 4663 407 4743 beret,
431 4659 600 4754 Symbola
619 4661 762 4730 condita
777 4675 881 4742 sunt,
907 4673 941 4732 et
955 4663 1088 4732 forestae
1141 4659 1314 4744 ultiones,
1338 4681 1402 4750 per
1416 4681 1502 4754 quas
1516 4657 1615 4730 Deus
1631 4659 1670 4730 in
1687 4661 1866 4756 aliquibus
1882 4658 2053 4730 maiorem
2072 4679 2137 4730 cn·

67 4767 269 4863 loquendi
290 4763 542 4856 praescriptae,
568 4786 658 4856 quae
680 4763 766 4832 olim
786 4761 950 4836 Canones
969 4763 1087 4832 nomi·-
1141 4785 1216 4833 ram
1234 4774 1328 4832 recte
1342 4761 1496 4832 faciendi
1511 4759 1693 4836 exuscitet.

64 4873 296 4950 trahantur,
323 4867 419 4960 pleni
437 4864 666 4948 eruditionis,
691 4889 755 4954 pro
771 4866 902 4959 quibus
914 4865 1089 4956 posterior
1253 4859 1412 4936 Oramus
1442 4875 1561 4934 autem
1585 4862 1700 4935 filium
1721 4859 1811 4946 Dei,
1843 4860 2041 4934 Dominum
2066 4886 2139 4934 no·

62 4989 194 5050 netas
216 4972 321 5059 longe
345 4969 435 5038 alios
454 4963 619 5037 Canones
636 4963 814 5038 Ecclesiae
836 4969 1008 5052 obtrusit,
1044 4967 1088 5036 de
1140 4963 1388 5040 strumlcsurn
1401 4961 1607 5049 Christum,
1633 4963 1836 5035 crucifixum
1857 4991 1921 5057 pro
1948 4965 2135 5056 nobis,et
2180 5011 2183 5018 ·

60 5073 287 5176 tyrannide
302 5069 508 5150 pontificis,
540 5071 585 5138 de
608 5069 769 5160 aucupiis
791 5070 961 5162 pecuniae
983 5069 1087 5140 insti·
1139 5067 1395 5152 resuscitatum,
1410 5059 1601 5166 λόγονκαὶ
1616 5057 1741 5140 εἰκόνα
1756 5061 1881 5142 ἀΐδιον
1907 5061 2034 5140 ἀϊδίου
2062 5090 2136 5142 πα·

58 5177 315 5266 tuendisper
328 5173 414 5244 falsa
431 5171 610 5246 sacrificia.
1141 5165 1242 5266 τρός,
1264 5169 1327 5262 qui
1351 5181 1445 5238 certo
1466 5167 1536 5239 sibi
1560 5169 1696 5258 colligit
1718 5182 1898 5240 aeternam
1919 5165 2130 5253 Ecclesiam,

199 5277 363 5370 Denique
391 5275 522 5346 scimus
551 5295 693 5354 omnes,
725 5271 914 5365 antiquum
944 5295 1087 5364 praece-
1140 5295 1227 5342 voce
1240 5266 1449 5358 Evangelii,
1474 5285 1509 5340 et
1525 5294 1600 5340 non
1615 5272 1739 5358 aliter,
1763 5283 1804 5342 nt
1825 5271 1862 5341 in
1881 5267 1948 5342 bac
1965 5270 2136 5361 languida

57 5403 198 5484 ptum
219 5401 311 5458 esse,
344 5389 382 5448 ut
408 5376 446 5444 in
470 5375 607 5464 legibus
627 5389 661 5448 et
682 5376 869 5446 sententiis
885 5375 1087 5446 forensibus
1140 5371 1267 5444 mnndi
1293 5385 1443 5452 senecta.
1464 5385 1579 5442 servet
1592 5373 1630 5442 in
1646 5369 1838 5444 Germania
1854 5370 2031 5442 Ecclesiae
2047 5369 2137 5442 reli·

52 5483 306 5576 ambiguitas
321 5480 462 5564 vitetur,
486 5477 578 5550 sicut
593 5473 849 5554 Demosthenes
866 5479 999 5573 inquit,
1023 5471 1087 5547 De
1141 5476 1257 5570 quius,
1268 5487 1302 5548 et
1318 5474 1493 5566 grabernet
1506 5497 1573 5546 nos
1590 5497 1726 5563 ornnes,
1740 5487 1903 5570 protegat
1919 5467 2138 5569 etiamhsnt
