4792 6186
237 295 312 378 aas
797 285 1231 384 ur1sronanuu
1280 283 1508 368 crema
1561 287 1737 390 sesa·
2189 291 2275 374 sss·

243 465 402 543 lobanne
416 437 542 557 scripta
556 475 624 536 est:
650 455 755 532 Deus
771 453 916 530 dilectio
931 468 993 542 est,
1014 471 1045 531 et
1062 459 1129 560 qui
1142 485 1226 531 mo·
1276 459 1383 550 higna
1399 484 1472 530 non
1487 463 1689 534 damnanda
1704 485 1791 548 esse,
1817 465 1877 534 sed
1893 465 2078 535 candidius
2092 489 2178 552 esse,
2204 468 2269 537 lla-

241 577 300 642 nel
316 567 355 640 in
375 563 582 648 dilectione,
608 561 649 634 in
665 557 748 634 Deo
774 571 915 650 monet,
938 573 970 633 et
987 559 1093 635 Deus
1117 561 1157 633 in
1175 586 1225 638 eo.
1277 563 1387 651 gitare
1403 563 1689 653 explicationem,
1716 591 1824 658 pauca
1839 569 2143 658 respondebimus.
2196 567 2270 640 Nee

240 671 344 744 Hanc
369 669 621 762 amplissimam
646 665 914 757 promissionem
937 667 1158 736 conseramus
1179 667 1225 736 ad
1277 665 1347 734 iam
1376 667 1514 755 prolixe
1540 681 1738 759 repetemus
1762 669 1991 738 iustissimam
2015 671 2201 763 querelam
2226 673 2270 740 da

240 775 330 846 illud
352 773 482 844 dictum
504 769 722 842 Salomonis:
759 760 998 836 Abominatio
1024 777 1075 836 est
1101 791 1226 838 coram
1277 767 1489 856 negligentia
1507 769 1668 838 omnium
1684 785 1883 862 temporum
1901 771 1937 838 in
1951 771 2149 864 loquendo.

238 873 344 960 Deo,
374 870 442 972 (μα’
465 869 558 940 inter
564 867 712 972 scotres
727 862 924 940 dt'sst'dt‘um
941 867 1088 940 excitat.
1378 866 1456 938 Etsi
1481 871 1602 961 plures
1619 897 1760 942 caussae
1774 887 1858 942 suut
1873 897 2034 942 errorum
2050 887 2085 944 et
2099 874 2272 944 dolorum

342 974 505 1046 Manebis
524 974 564 1043 in
577 971 673 1058 Deo,
697 983 732 1042 et
746 968 843 1040 Deus
862 971 929 1042 erit
943 972 982 1042 in
996 987 1135 1063 pectore
1152 985 1227 1058 tno,
1278 969 1317 1036 iu
1333 965 1509 1056 Ecclesia,
1533 988 1650 1043 tamen
1673 969 1760 1044 baec
1779 997 1854 1043 non
1880 990 2052 1065 postrema
2073 989 2145 1055 est,
2174 980 2275 1070 quod

238 1079 469 1174 gubernabit,
491 1075 686 1160 custodiet,
710 1088 745 1144 et
766 1073 925 1148 servabit
940 1089 991 1154 te,
1017 1075 1047 1144 si
1064 1075 1132 1166 piis
1147 1074 1226 1144 olli·-
1278 1071 1424 1162 plurimi
1443 1074 1619 1144 Doctores
1644 1091 1678 1146 et
1703 1077 1891 1167 scriptores
1908 1077 1945 1144 in
1959 1077 2181 1170 quibusdam
2200 1103 2275 1148 rua-

238 1183 302 1256 ciis
316 1203 537 1253 communem
556 1175 844 1247 coniunctionem
861 1176 1029 1248 tuebaris.
1080 1173 1227 1248 Deseret
1278 1173 1375 1242 teriis
1390 1197 1588 1245 sermonem
1605 1179 1768 1248 divinum
1785 1178 2147 1263 nonintellexerunt,
2179 1183 2275 1252 ettla

236 1297 354 1358 autem
376 1297 428 1368 te,
455 1293 489 1352 et
510 1276 735 1350 horribiliter
756 1278 900 1370 puniet,
925 1279 955 1347 si
974 1278 1051 1348 sine
1066 1301 1226 1362 necessa-
1277 1270 1335 1343 his
1355 1290 1473 1368 postea
1497 1277 1693 1371 improprie
1716 1281 1827 1351 locuti
1851 1293 1945 1354 sunt.
2005 1277 2098 1351 Cura
2123 1280 2274 1371 igitura

235 1387 298 1460 riis
311 1383 441 1458 caussis
453 1409 530 1454 earn
545 1380 767 1458 dilacerahis‚
794 1379 886 1450 sicut
900 1393 933 1449 et
946 1378 1078 1450 Paulus
1092 1381 1225 1472 inquit:
1276 1377 1437 1448 lontibus
1457 1379 1714 1468 discessissent,
1747 1396 1783 1452 et
1799 1379 1989 1466 Doctores,
2020 1398 2055 1453 et
2077 1385 2274 1472 auditores,

234 1483 315 1588 Qui
335 1483 528 1560 conturbat
553 1506 633 1572 vos,
674 1475 851 1553 iudicium
868 1478 1033 1580 portabit
1056 1479 1226 1582 quisquis
1278 1481 1612 1571 partimexratione
1627 1478 1802 1569 bumana,
1827 1486 1956 1576 partim
1972 1509 2014 1554 er
2028 1511 2133 1556 caeca
2147 1509 2270 1580 super·

234 1601 297 1666 ω,
1277 1583 1440 1662 stitione,
1472 1585 1580 1653 falsae
1601 1586 1789 1676 opiniones
1809 1599 1913 1658 natae
1934 1601 2037 1668 sunt,
2073 1602 2109 1660 et
2132 1605 2265 1682 recepta

334 1691 420 1766 Dixi
435 1693 479 1764 de
496 1688 566 1774 his,
591 1689 654 1786 qui
670 1685 876 1769 ambitione,
903 1699 965 1758 aut
982 1685 1073 1756 odiis
1089 1685 1226 1756 incitati
1277 1709 1317 1754 ac
1340 1685 1493 1754 stabilita
1510 1681 1697 1756 horribilia
1714 1689 1821 1763 idola.

231 1797 508 1872 tumultuantur.
554 1790 718 1862 Tertium
735 1811 844 1880 genus
860 1804 910 1860 eat
923 1790 1042 1860 minus
1056 1791 1225 1876 sanabile,
1379 1785 1542 1874 Quantae
1563 1791 1728 1860 tenebrae
1749 1793 1896 1862 luerunt
1910 1792 1955 1860 de
1970 1788 2195 1860 distinctione
2207 1793 2252 1860 le-

230 1901 286 1972 illi
302 1899 486 1981 videlicet,
512 1894 664 1990 quinon
681 1895 725 1964 de
741 1914 848 1981 regno
865 1891 1033 1962 dimicare
1048 1895 1225 1979 videntur,
1276 1888 1329 1978 gis
1357 1903 1392 1959 et
1413 1885 1618 1979 Evangelii,
1657 1893 1793 1983 politici
1824 1892 1984 1984 imperii,
2017 1905 2054 1962 et
2078 1889 2243 1978 Ecclesiae,

230 2017 293 2076 aut
315 2001 440 2072 dolore
462 1999 584 2090 aliquo
605 1994 740 2066 incensi
762 2009 862 2081 sunt,
894 1995 955 2063 sed
980 2008 1100 2065 nmen
1122 2011 1225 2086 petu-
1276 1991 1520 2081 promissionis
1550 1993 1702 2082 gratiae,
1740 2009 1775 2066 et
1796 1995 2075 2086 promissionum
2100 2019 2247 2086 corpora-

230 2103 343 2176 lantia
368 2100 617 2192 ingeniorum,
647 2111 709 2171 aut
733 2109 880 2168 naturae
900 2098 1130 2200 perversitate
1149 2121 1224 2166 cer·
1276 2093 1391 2162 lium?
1441 2093 1608 2166 Mutilata
1622 2097 1830 2184 significatio
1846 2097 2004 2166 nominis
2017 2099 2168 2188 peccati,
2189 2122 2257 2168 eor-

231 2207 365 2280 camina
379 2215 533 2276 movent,
1277 2210 1378 2285 rupta
1397 2197 1539 2284 gratiae,
1564 2197 1659 2281 fidei,
1684 2199 1955 2283 iustificationis,
1981 2199 2159 2281 sacrificii,
2187 2227 2264 2292 pne-

335 2303 442 2376 'l'ales
462 2305 570 2375 inisse
594 2325 716 2373 recens
733 2299 939 2387 Servetum,
974 2299 1224 2372 Sebastianum
1276 2297 1464 2380 nitentiae,
1491 2299 1593 2368 valde
1615 2303 1799 2371 obscurata
1814 2307 1884 2374 τοῦ
1897 2294 2022 2400 λόγου.
2076 2299 2154 2372 Sed
2173 2304 2269 2374 vohis

231 2408 430 2488 Francum,
460 2407 668 2498 scriptorem
686 2403 973 2486 Paradororutu‚
998 2401 1224 2474 Lauterwal-
1277 2399 1434 2489 exempla
1451 2423 1525 2467 non
1543 2415 1626 2470 sunt
1642 2403 1773 2490 ignota.

232 2515 318 2582 dum
335 2509 507 2583 existimo.
559 2503 607 2578 Et
619 2506 726 2576 talem
741 2501 858 2574 adbuc
875 2527 949 2576 esse
966 2500 1222 2574 Thammerum
1379 2497 1535 2570 lustituit
1554 2517 1670 2572 autem
1689 2505 1763 2595 ipse
1782 2496 1890 2603 λόγος
1911 2505 2004 2576 filius
2018 2505 2088 2577 Dei
2108 2507 2270 2578 ministe-

231 2610 443 2703 Moguntiae
470 2609 607 2692 iudico,
649 2606 713 2702 qni
734 2603 922 2698 Evangelii
949 2607 1147 2678 doctrinam
1179 2608 1223 2676 de
1275 2602 1368 2674 rium
1400 2604 1571 2689 docendi,
1604 2629 1676 2673 non
1710 2620 1752 2677 ut
1777 2607 1948 2677 Doctores
1980 2633 2073 2678 nova
2104 2613 2272 2701 dogmata

231 2714 306 2786 filio
323 2711 392 2786 Dei
411 2713 449 2782 in
468 2705 641 2781 Ethnicas
661 2709 848 2800 allegorias
869 2709 1118 2790 transformat,
1142 2733 1223 2801 per·
1276 2706 1440 2796 gignant,
1465 2706 1525 2774 sed
1545 2721 1583 2777 ut
1599 2707 1669 2776 sint
1686 2708 1854 2799 discipuli
1868 2707 1952 2794 Dei,
1979 2724 2014 2780 et
2027 2714 2206 2790 custodes
2223 2713 2271 2782 di·

231 2819 318 2888 inde
340 2839 381 2888 ac
402 2813 433 2884 si
453 2811 651 2885 Hesiodum
675 2811 979 2904 interpretaretur.
1041 2808 1223 2882 Adversus
1274 2808 1351 2876 viui
1372 2807 1562 2892 sermonis,
1597 2821 1630 2878 et
1653 2833 1733 2877 eum
1758 2812 1995 2902 perferantad
2012 2815 2270 2904 populumceu

231 2919 319 2991 tales
341 2919 495 3002 furores,
527 2915 588 3010 qui
609 2913 792 2984 manifeste
813 2927 898 2986 sunt
921 2913 1109 2999 diabolici,
1140 2939 1223 2984 mu·
1276 2911 1397 2998 legati,
1424 2911 1731 3001 quibosmandata
1748 2916 1880 2982 dantur
1894 2915 2124 3004 praescriptis
2141 2919 2269 3000 verbis,

232 3023 372 3092 niamus
396 3042 478 3100 nos,
513 3032 547 3088 et
568 3017 720 3088 lectione
743 3015 950 3088 divinorum
968 3015 1163 3102 librorum,
1189 3029 1222 3086 et
1274 3027 1314 3082 ut
1330 3011 1461 3082 Paulus
1478 3013 1605 3106 inquit,
1630 3008 1723 3108 ὑπὲρ
1744 3009 2191 3110 χρηστοῦπρεσβεύομεν.
2225 3017 2266 3090 lli

232 3121 371 3195 ardenti
403 3119 620 3213 precatione,
663 3132 698 3190 et
722 3119 874 3190 sciemus
895 3113 1071 3190 humanae
1091 3119 1222 3190 rationi
1274 3137 1353 3183 cum
1384 3115 1516 3206 populo
1546 3117 1652 3184 verba
1675 3117 1846 3187 sermonis
1871 3119 1986 3186 divini
2009 3137 2209 3208 enarrant,
2237 3135 2265 3190 et

232 3225 494 3296 anteferendam
511 3245 585 3291 esse
601 3245 722 3292 vocem
740 3221 918 3308 divinam,
941 3221 1031 3291 sicut
1048 3221 1147 3292 iubet
1163 3247 1221 3290 ae·
1275 3216 1401 3286 ordine
1425 3217 1601 3300 membra,
1633 3229 1674 3286 ut
1695 3218 1733 3288 lit
1757 3219 1796 3288 iu
1820 3221 2001 3301 docendo,
2032 3221 2260 3308 distribuunt,

232 3339 354 3398 ternus
372 3339 487 3418 pater:
525 3319 601 3394 Hic
621 3330 673 3392 est
683 3315 799 3414 filius
813 3345 914 3392 meus
927 3317 1100 3408 dilectus,
1123 3315 1223 3392 bunc
1274 3319 1419 3388 videant
1446 3334 1484 3389 ut
1505 3332 1676 3409 congruat
1697 3321 1813 3391 oratio
1837 3346 1918 3392 cum
1941 3322 2066 3394 divina
2093 3327 2251 3406 doctrice,

232 3422 371 3501 audite.
421 3423 469 3498 Et
485 3423 618 3496 Paulus
640 3425 718 3493 vult
740 3439 877 3494 mentes
892 3421 1087 3514 Evangelio
1112 3425 1224 3514 capti·
1273 3443 1339 3491 nec
1362 3421 1460 3491 alind
1479 3443 1559 3512 pes,
1585 3419 1683 3492 aliud
1700 3418 1980 3517 cytharasonet,
2007 3427 2246 3496 utolimclics·

233 3553 295 3600 vas
311 3527 385 3600 lieri
395 3581 405 3612 ‚
431 3529 481 3598 sic
496 3539 537 3597 ut
552 3525 722 3596 obediant
734 3519 890 3598 Christo.
941 3522 1024 3594 Non
1041 3525 1150 3614 igitur
1163 3529 1221 3596 lu·
1274 3524 1388 3592 hatur.
1441 3519 1538 3610 Quid
1560 3523 1743 3614 indignius
1758 3538 1824 3610 est,
1850 3549 1956 3620 quam
1972 3537 2065 3596 stare
2081 3531 2253 3600 docentem

233 3632 321 3701 dant
342 3629 484 3718 ingenia
508 3625 682 3718 fingendis
697 3625 949 3716 opinionibus,
974 3639 1011 3697 et
1027 3628 1075 3719 pii
1094 3628 1222 3717 guber·
1274 3624 1407 3694 insede
1422 3625 1488 3692 lilii
1503 3625 1588 3710 Dei,
1614 3639 1647 3698 et
1661 3629 1838 3700 contraria
1851 3627 2028 3699 mandatis
2043 3630 2190 3718 dicere,
2212 3641 2263 3700 aut

233 3747 375 3804 natores
400 3733 568 3800 adversus
592 3729 691 3800 illam
712 3725 946 3820 Gigantaeam
967 3730 1152 3800 audaciam
1167 3753 1222 3800 se-
1274 3727 1371 3797 velut
1384 3725 1541 3800 Mimum
1565 3727 1603 3796 in
1626 3752 1730 3798 scena
1754 3729 1877 3802 ludere
1903 3729 2099 3802 verborum
2116 3733 2267 3817 deliciis,

234 3833 551 3906 veritate'utantur.
762 3875 766 3884 ·
1273 3851 1312 3905 ac
1328 3829 1470 3919 plausus
1485 3829 1723 3900 multitudinis
1740 3831 1902 3922 captare?
1953 3829 2007 3904 Sit
2024 3833 2143 3922 igitur
2155 3836 2272 3907 oratis

336 3929 390 4005 De
413 3929 470 4004 his
491 3933 652 4004 maximis
673 3933 780 4005 rehns
801 3935 915 4006 multo
931 3933 1034 4028 plura
1050 3933 1120 4004 dici
1137 3957 1218 4027 pos·
1273 3931 1432 4001 docentis
1465 3955 1663 4020 congruens
1688 3933 1832 4002 divinae
1856 3933 1953 4019 voci,
1986 3937 2161 4026 propria,
2192 3963 2273 4032 per-

233 4049 332 4124 eant,
356 4037 417 4106 sed
442 4031 529 4106 baec
550 4035 709 4130 quotidie
730 4036 780 4129 pii
796 4059 920 4108 omnes
933 4037 1109 4126 cogitant,
1132 4061 1220 4131 qua·
1272 4034 1411 4124 spicue,
1431 4035 1511 4102 sine
1528 4035 1775 4124 ambignitate,
1801 4038 2019 4123 verecunda,
2040 4038 2157 4129 plena
2178 4039 2277 4111 veris

234 4141 285 4210 les
299 4161 361 4210 vos
376 4161 499 4209 omnes
514 4159 606 4219 esse,
631 4138 694 4232 qui
709 4133 779 4208 buc
794 4139 1022 4228 convenistis,
1047 4139 1220 4214 existimo.
1272 4135 1469 4208 doloribus.
1888 4137 1892 4146 '

234 4237 319 4314 ldeo
352 4263 473 4312 snmus
501 4239 657 4311 contenti
680 4233 745 4310 bac
768 4241 868 4312 brevi
889 4241 1153 4323 admonitione,
1182 4253 1220 4312 et
1373 4231 1451 4306 Sed
1471 4233 1648 4307 obiiciunt
1670 4234 1752 4322 illi,
1778 4258 1845 4306 nos
1858 4234 1963 4355 serre
1981 4235 2077 4334 leges
2090 4239 2278 4339 impossi-

232 4343 345 4416 lilium
367 4341 451 4428 Dei,
484 4339 679 4413 Dominum
697 4349 860 4414 nostrum
884 4339 1000 4412 lesuris
1025 4339 1220 4425 Christum,
1271 4333 1380 4422 biles,
1414 4337 1504 4436 quio
1526 4361 1629 4410 nemo
1651 4337 1702 4409 sit
1724 4349 1800 4408 tom
1823 4334 2002 4421 desertus,
2030 4351 2173 4414 utnon
2196 4345 2278 4416 arli-

234 4439 347 4546 ldyoe
362 4442 426 4519 καὶ
439 4437 564 4518 εἰκόνα
580 4439 706 4517 ἀΐδιον
719 4438 845 4516 ἀϊδίου
860 4439 1010 4536 πατρὸς,
1037 4447 1217 4516 custodem
1270 4436 1423 4540 quoodo
1446 4439 1618 4534 ambigue
1641 4437 1827 4540 loquatur.
1886 4437 2174 4537 Tyrannione,-
2215 4448 2277 4518 in-

233 4543 411 4620 Ecclesiae
439 4571 546 4638 suae,
578 4569 721 4616 oramus
742 4559 783 4616 ut
806 4569 871 4615 nos
892 4568 1016 4615 omnes
1034 4547 1158 4617 doceat
1179 4573 1219 4618 ac
1270 4541 1416 4641 quiunt,
1442 4539 1482 4610 in
1492 4537 1750 4613 Grammatico
1763 4542 1945 4630 exeredes,
1960 4543 1999 4614 si
2011 4543 2277 4620 vultcsomnes

233 4649 424 4740 gubernet,
459 4663 496 4721 et
515 4647 676 4720 omnium
699 4660 838 4740 pectora
853 4645 992 4740 Spiritu
1012 4671 1077 4718 suo
1098 4663 1219 4721 sancto
1271 4641 1399 4714 cestris
1417 4643 1533 4714 verbis
1547 4655 1579 4714 et
1591 4643 1755 4741 syllabis
1775 4645 1839 4716 uti.
1891 4646 1948 4718 Ad
1966 4642 2279 4740 baecresponde-

233 4753 277 4822 ad
293 4775 410 4822 veram
425 4749 492 4824 Dei
505 4749 777 4831 invocationem,
803 4763 838 4822 et
851 4751 895 4822 ed
910 4749 1136 4821 retinendam
1152 4775 1220 4844 pu·
1270 4766 1367 4832 mus,
1394 4747 1467 4816 eius
1484 4750 1687 4838 diligentiae
1700 4751 1847 4817 modum
1865 4750 2042 4842 quendam
2058 4774 2146 4820 esse.
2185 4753 2277 4823 Pri-

233 4851 362 4926 blicam
378 4854 603 4924 concordiam
621 4853 748 4924 flectat.
1211 4906 1215 4912 .
1271 4875 1386 4931 mum,
1418 4864 1536 4939 aperte
1559 4851 1661 4932 salsa,
1694 4851 1757 4920 uhi
1779 4865 1932 4935 coristat,
1965 4876 2041 4920 non
2064 4852 2109 4920 de
2131 4857 2277 4942 verbis,

334 4951 549 5050 Quanquam
585 4967 702 5026 antem
735 4975 916 5046 speramns
946 4953 1049 5044 vohis
1080 4953 1218 5046 placere
1269 4952 1330 5020 secl
1345 4953 1388 5020 de
1403 4952 1509 5020 rebus
1525 4951 1780 5022 dissensionem
1794 4975 1889 5038 esse,
1914 4952 2025 5024 vitare
2039 4973 2185 5026 necesse
2203 4971 2276 5044 est,

231 5052 301 5130 hoc
321 5071 483 5128 nostrum
506 5055 713 5140 consilium,
739 5056 834 5149 quod
853 5055 1113 5148 propositiones
1129 5057 1218 5142 illas,
1269 5065 1309 5123 nt
1335 5054 1373 5120 in
1401 5047 1457 5120 his
1483 5056 1731 5124 controversiis
1756 5056 1846 5123 falsa
1868 5067 1902 5125 et
1921 5067 2121 5125 monstrosa
2143 5061 2274 5130 oratio

231 5183 319 5256 quas
342 5157 554 5238 taxavimus,
582 5179 657 5227 non
672 5155 837 5228 volumus
852 5157 891 5227 in
909 5158 1141 5229 concionibus
1155 5161 1218 5227 de-
1268 5167 1340 5238 est,
1375 5179 1455 5224 cum
1481 5156 1628 5227 dicitur:
1660 5149 1853 5226 Christum
1874 5177 1939 5249 pec·
1959 5152 2131 5226 occidens
2150 5157 2275 5230 iusti·-

229 5263 346 5348 l'endi,
369 5275 430 5333 aut
445 5260 575 5331 lucosis
591 5260 943 5352 interpretationibus
958 5261 1129 5345 excusari,
1154 5263 1214 5330 sed
1255 5249 1387 5351 ficare.
1447 5254 1567 5344 Quam
1593 5258 1768 5327 insulsum
1790 5273 1860 5340 est,
1891 5260 1986 5352 qnod
2012 5259 2272 5332 definitionem

229 5365 363 5436 omitti:
393 5361 809 5458 tamenquiaaudimns,
835 5363 1045 5458 quibusdam
1064 5357 1215 5433 boeno·
1267 5359 1411 5452 quidam
1434 5361 1596 5428 tradidit:
1632 5357 1767 5430 lustitia
1791 5360 1964 5450 significat
1985 5355 2187 5448 &comitium
2221 5375 2271 5436 ut

228 5479 339 5538 strum
362 5467 551 5538 consilium
571 5464 687 5536 videri
709 5466 854 5552 durius,
883 5465 946 5562 qui
966 5457 1110 5552 dicunt,
1138 5489 1216 5536 am-
1266 5461 1437 5548 dicimus,
1472 5462 1527 5530 vir
1549 5462 1684 5548 iustus,
1716 5473 1769 5534 est
1793 5463 1849 5532 vir
1873 5463 2008 5548 boum,
2039 5484 2193 5558 aequus,
2222 5477 2267 5552 et
