4808 6176
146 317 250 396 169.
715 313 1158 394 EPISTOLARUM
1208 315 1315 396 ΜΒ.
1336 303 1422 393 llll.
1475 317 1611 396 1666.
2103 319 2179 394 470

152 504 246 564 caste
271 490 312 562 in
332 490 498 584 coniugio
512 493 648 566 vivunt.
700 490 799 564 Haec
813 515 897 562 vere
917 505 1001 564 sunt
1016 487 1142 586 etssco·
1189 491 1344 584 postulat
1359 492 1508 566 occasio.
1558 489 1656 563 Haec
1677 493 1812 584 ingenii
1835 494 1996 566 celeritas
2010 517 2094 564 vere
2110 489 2187 563 Dei'

153 590 337 688 μολοχικὰ
353 609 387 668 et
402 596 576 677 scurrilia,
597 597 695 690 quod
709 619 844 666 nomen
860 609 913 666 est
931 619 951 666 a
972 597 1085 689 σκῶρ,
1103 593 1142 662 id
1191 617 1281 687 opus
1296 609 1366 679 est,
1391 610 1426 668 et
1441 597 1642 667 eruditione
1656 596 1865 668 instruenda
1889 611 1951 668 est.
2002 595 2106 666 Talis
2129 609 2180 665 est

153 709 227 782 est,
253 711 457 785 astercum,
479 711 519 770 ut
540 699 579 768 iu
593 695 709 772 Ranis
727 694 979 789 Aristophanis
994 697 1141 768 dicitur:
1191 698 1290 788 lepos
1306 695 1492 768 Cananeae
1515 699 1677 768 mulieris
1698 699 1736 794 in
1760 700 1973 771 refutatione
1997 696 2182 792 asperrimi

154 793 236 872 εἶτα
255 793 449 896 βόρβορον
466 795 585 874 πολὺν
611 795 676 873 καὶ
698 804 800 894 σκῶρ
822 795 879 872 ἀεὶ
901 805 999 887 νῶν,
1028 797 1144 892 pluri·
1193 801 1298 870 dicti:
1331 824 1407 870 non
1433 805 1533 874 decet
1558 802 1713 872 tiliorum
1745 825 1872 894 panem
1905 801 2054 899 canibus
2086 801 2182 870 dare.

154 925 257 972 mum
280 904 384 974 coeni
405 918 440 975 et
464 919 596 976 stercus
620 927 759 996 semper
772 903 929 978 fluitans.
982 902 1037 972 Ac
1056 899 1145 970 alibi
1194 900 1260 972 Illa
1278 915 1401 972 contra
1423 904 1607 974 celerrime
1630 905 1730 975 addit
1757 905 1899 994 regulae
1930 903 2182 994 exceptionem.

155 1003 278 1098 iuquit
298 1001 571 1099 Aristophanes:
609 1004 674 1080 ἵνα
693 1001 746 1100 μὴ
763 1001 931 1106 γένωμαι
955 998 1145 1102 σκωραμὶς
1194 1001 1402 1090 Assentior,
1434 1006 1572 1099 inquit,
1597 1009 1658 1076 sed
1683 1022 1802 1078 tamen
1826 1021 1861 1078 et
1875 1007 1992 1077 catelli
2013 1009 2185 1076 fruuntur

151 1099 375 1202 κωμωδική,
395 1132 441 1178 ne
455 1109 537 1180 fiam
551 1109 694 1180 madula
706 1110 854 1182 comica.
906 1107 966 1180 Sic
988 1133 1068 1178 curn
1084 1129 1147 1176 ve·
1194 1107 1314 1191 micis,
1334 1131 1424 1201 quae
1438 1109 1608 1180 decidunt
1622 1111 1666 1178 de
1681 1109 1811 1180 mensis
1826 1109 1993 1182 filiorum.
2045 1105 2186 1197 Cogitet

153 1221 268 1284 tustas
283 1211 426 1282 sordida
442 1212 535 1282 dicta
551 1211 747 1282 nominarit
770 1224 923 1282 stercora
946 1225 981 1284 et
1000 1229 1146 1306 σκωρα-
1196 1206 1254 1280 hic
1270 1211 1383 1282 lector
1396 1212 1576 1298 eruditus,
1601 1227 1730 1304 quanta
1746 1213 1917 1304 sapientia
1934 1211 1973 1282 in
1996 1206 2064 1281 hoc
2084 1210 2186 1280 brevi

154 1305 272 1406 pido:
294 1309 536 1408 κωμωδικᾶς,
559 1314 677 1407 potius
695 1314 779 1384 inde
794 1314 914 1384 iudico
936 1335 1074 1385 scurras
1089 1312 1146 1381 di·
1197 1314 1292 1384 dicto
1316 1312 1553 1386 contineatur.
1611 1313 1757 1386 Fatetur
1777 1339 1812 1384 se
1834 1315 1995 1384 catellam
2022 1327 2057 1383 et
2089 1311 2187 1382 indi-

155 1429 232 1487 ctos
247 1437 342 1498 esse,
369 1441 475 1510 quam
491 1441 512 1488 a
527 1419 707 1509 sequendo
724 1430 757 1488 et
773 1419 960 1491 currendo.
997 1413 1046 1486 Et
1059 1414 1145 1510 quid
1197 1439 1302 1507 guam
1321 1439 1395 1485 esse
1411 1415 1589 1486 beneficiis
1602 1415 1688 1502 Dei,
1715 1441 1780 1486 nec
1795 1418 1885 1507 iugit
1908 1429 2047 1500 tamen,
2071 1437 2188 1509 quan-

156 1531 243 1589 sunt
262 1518 348 1590 libri
369 1513 537 1605 Cochlei,
570 1519 695 1613 Pygii,
719 1515 839 1603 Eccii,
865 1517 991 1606 Fabri,
1014 1517 1147 1610 Hispa·
1198 1542 1303 1612 quam
1329 1519 1467 1588 fulmen
1493 1541 1568 1588 non
1594 1518 1672 1588 leve
1697 1522 1865 1589 adversus
1888 1542 1965 1588 earn
1988 1518 2187 1588 viberatum

156 1620 232 1691 nici
256 1617 415 1707 Raetus,
441 1621 503 1715 qui
528 1643 564 1690 se
584 1621 731 1693 Scotum
754 1621 919 1694 nominat
941 1635 977 1692 et
1005 1619 1148 1704 similes,
1198 1634 1290 1706 erat;
1322 1622 1383 1690 sed
1408 1621 1493 1705 scit,
1525 1620 1635 1690 micas
1657 1616 1845 1712 Evangelii
1869 1621 1975 1692 etiam
1998 1621 2043 1690 ad
2068 1631 2189 1710 gentes

156 1721 231 1792 nisi
254 1717 489 1820 σκωραμίδος
509 1724 633 1815 plenae
656 1736 862 1798 stercorum.
915 1721 997 1794 Non
1020 1725 1148 1793 docent
1199 1723 1400 1816 pervenire;
1428 1724 1512 1808 scit,
1535 1723 1646 1816 recipi
1668 1745 1704 1792 se
1719 1737 1864 1814 propter
1882 1718 1978 1794 hunc
2002 1723 2189 1793 dominum

155 1823 355 1898 Ecclesiam
370 1828 413 1894 de
429 1827 535 1896 rebus
553 1826 777 1911 necessariis,
810 1829 854 1896 de
872 1825 1148 1920 proprietatibus
1199 1849 1274 1895 non
1305 1838 1452 1916 propter
1479 1825 1613 1914 legem,
1646 1826 1737 1896 velle
1762 1823 1880 1896 Deum
1900 1827 1970 1896 coli
1991 1849 2066 1895 non
2097 1825 2191 1911 luga,

158 1941 326 2000 naturam
349 1928 388 1997 in
409 1927 483 1998 filio
500 1925 586 2014 Dei,
619 1930 664 1998 de
684 1929 864 1999 beneficiis
885 1929 979 2014 eius,
1002 1929 1148 1997 devera
1199 1951 1275 1998 nou
1291 1927 1435 1998 fremitu
1449 1929 1618 1998 adversus
1640 1929 1773 2020 ipsum,
1800 1929 1861 1998 sed
1882 1927 2103 1998 confessione
2123 1949 2190 1993 no-

162 2030 392 2102 conversione
418 2043 454 2100 et
474 2031 717 2102 consolatione
737 2032 899 2124 piorum,
925 2033 970 2100 de
986 2054 1070 2100 vera
1092 2031 1149 2098 in·
1201 2045 1292 2101 strae
1308 2029 1470 2099 miseriae
1488 2043 1524 2101 et
1537 2031 1666 2101 fiducia
1681 2031 1956 2102 misericordiae.
1995 2027 2099 2098 Hauc
2114 2051 2191 2094 am-

169 2133 348 2204 vocationc
371 2129 440 2202 Dei
466 2147 500 2204 et
525 2133 605 2202 aliis
625 2134 830 2204 necessariis
852 2133 988 2204 officiis.
1049 2130 1149 2222 Que·
1201 2131 1395 2227 piissimam
1412 2131 1622 2224 sapientiam
1637 2133 1759 2223 liguris
1772 2131 2030 2203 venustissimis
2052 2142 2087 2198 et
2104 2129 2192 2196 ima-

173 2247 401 2308 ruuttantum
416 2229 635 2328 sophismata
651 2237 694 2306 ad
714 2235 925 2308 stabilienda
939 2235 1047 2310 idola.
1201 2236 1283 2327 gine
1307 2234 1512 2306 incurrente
1535 2235 1573 2304 in
1599 2237 1722 2306 oculos
1743 2235 1878 2327 pingit,
1907 2257 1988 2304 cum
2020 2231 2192 2312 catellam,

1201 2361 1378 2418 mensam,
1412 2337 1522 2421 filios,
1548 2337 1657 2407 micas
1680 2337 1853 2406 nominat.
1903 2333 2069 2427 Quantus
2096 2333 2194 2424 lepos

264 2386 368 2459 Hanc
389 2388 761 2459 commemorationem
784 2413 825 2458 eo
849 2387 994 2474 addidi,
1025 2399 1066 2460 ut
1091 2409 1151 2454 co·
1273 2440 1282 2457 .
1480 2441 1489 2458 .
1594 2440 1603 2457 .

1203 2455 1254 2512 est
1271 2464 1310 2509 1n
1327 2437 1509 2510 Samsonrs
1525 2439 1739 2530 aenigmate!

163 2489 261 2582 inita
288 2490 427 2580 “igine
453 2515 582 2560 V⁰⁶¹¹¹¹¹
606 2485 843 2585 βωμθλοχίας
871 2504 905 2560 ⁰²
928 2487 1151 2560 munitatis
1304 2539 1403 2612 Haec
1426 2557 1461 2612 et
1480 2542 1611 2612 similia
1637 2543 1795 2635 exempla
1813 2503 1971 2612 iuniores
1989 2541 2195 2611 intueantur

160 2615 271 2682 mag„
288 2593 531 2663 mmmmm
555 2588 684 2664 [mum
698 2618 871 2664 mmmm
887 2595 1090 2684 mmmm
1117 2603 1151 2660 εί
1204 2657 1238 2716 et
1254 2635 1394 2714 discant
1419 2645 1617 2735 intelligere
1642 2645 1815 2716 virtutum
1832 2647 1981 2735 gradus,
2005 2666 2095 2738 quae
2122 2639 2194 2710 sint

159 2716 273 2785 ¹¹¹³&ss
289 2689 506 2766 “mmmm
520 2697 566 2766 ab
580 2719 631 2766 ²¹⁸
648 2719 830 2766 ¹⁰⁰¹⁰¹⁸¹¹m
846 2719 958 2764 amm
981 2708 1015 2765 Εἴ
1032 2707 1152 2786 pem*
1203 2748 1418 2817 necessariae
1439 2761 1472 2818 ct
1493 2771 1584 2840 quae
1604 2747 1678 2818 sint
1703 2735 1913 2818 ornamenta
1949 2743 2196 2816 excellentium

159 2819 212 2868 ra.
263 2791 494 2888 Necvero¹‘)
516 2799 667 2868 dubium
689 2810 759 2880 est,
784 2796 955 2881 Paulum,
981 2819 1062 2865 curn
1085 2819 1152 2863 no·
1206 2850 1215 2866 .
1315 2848 1324 2864 .
1748 2851 1754 2866 .
1814 2848 1822 2866 .
1949 2847 1988 2865 ..
2084 2841 2121 2912 h.

126 2899 130 2906 '
157 2897 276 2968 minat
284 2892 525 2995 pwpoloyiocs‘
538 2912 572 2968 et
585 2892 829 2992 εὐτραπελίαν
838 2897 1060 2988 complexum
1078 2918 1152 2964 esse
1204 2869 1429 2966 ¹f¹⁸⁰n¹⁰mm
1440 2897 1458 2965 ’.
1476 2863 1511 2918 εἰ
1528 2851 1707 2965 qu⁰¹¹l⁰d⁰
1730 2851 2059 2967 ininsmgmmne
2111 2859 2198 2914 Μ’

160 2990 253 3089 et¹‘)
274 2997 524 3072 scurrilitatem
547 3012 583 3069 et
610 2999 729 3069 vicina
752 2998 842 3068 vicia
865 2999 986 3069 minus
1010 2996 1153 3082 atrocia,
1204 2973 1357 3066 ‘imm’
1381 2961 1552 3019 mmm
1567 2963 1718 3034 ‘mmm’
1732 2961 1950 3033 “nmm’
1976 2949 2195 3039 prudentum

159 3098 390 3182 futilitatesn,
416 3101 696 3184 adsentationes,
720 3100 983 3190 sugillationes,
1007 3099 1153 3168 cavilla·
1205 3053 1846 3222 ⁰¹²⁰¹Jm1395⁰t¹⁰¹3⁰¹¹³¹¹¹f³“wanda
1872 3065 1928 3121 ⁸¹¹·
1979 3045 2028 3119 Εῑ
2053 3061 2198 3118 ”limus

158 3201 296 3285 tiones,
334 3201 625 3287 obtrectationes,
660 3213 701 3272 ut
732 3202 838 3273 etiarn
870 3202 947 3272 sine
968 3201 1153 3272 atrocitate
1205 3153 1310 3223 d⁰¹¹¹⁵
1361 3175 1393 3221 ⁰¹
1417 3153 1462 3222 ad
1479 3175 1596 3244 ¹P⁸um
1618 3153 1890 3238 celebrandum,
1916 3164 1951 3222 ‘²
1968 3152 2013 3220 ³⁴¹
2036 3173 2198 3220 ⁰⁰¹⁰mu·

159 3305 255 3374 fiunt
269 3297 356 3372 baec
374 3303 530 3374 vanitate
544 3305 717 3397 quadam,
740 3318 774 3375 et
794 3327 852 3374 ars
868 3317 920 3376 cst
934 3305 1092 3374 alludere
1107 3303 1151 3374 ad
1205 3279 1287 3324 nem
1311 3253 1628 3340 ⁶⁰n³⁰⁰i³fi⁰¹¹e¹¹¹’
1653 3255 1692 3325 in
1705 3280 1775 3349 ‘³¹¹³
1790 3253 1871 3326 Νὴ
1885 3253 2057 3324 Vltimum
2082 3249 2198 3322 ⁰ffi⁰¹³

160 3405 311 3478 affectu,
335 3428 478 3491 eorum,
511 3429 665 3499 quotum
687 3430 907 3499 aucupamur
936 3407 1154 3478 benevolen-
1205 3359 1343 3443 lucere,
1369 3369 1410 3429 ut
1429 3380 1658 3448 agnoscamus
1681 3381 1763 3428 curn
1790 3371 1825 3429 et
1846 3357 1967 3428 adesse
1982 3378 2107 3446 *generi
2128 3345 2198 3420 hu-

160 3509 252 3581 figm
303 3519 344 3578 ug
363 3503 515 3578 cmms
537 3511 580 3579 ad
602 3505 715 3580 camb
740 3533 816 3579 sen,
842 3521 928 3580 tunc
944 3509 1059 3580 maior
1084 3509 1154 3578 eris
1205 3483 1334 3545 mano,
1360 3473 1395 3530 ct
1417 3483 1517 3530 suam
1540 3461 1749 3551 sapientiam
1775 3473 1809 3531 ct
1826 3483 1907 3531 suas
1922 3459 2070 3529 virtutes
2084 3453 2197 3524 mori-

260 3561 271 3594 ³
715 3535 739 3604 y
808 3562 815 3578 ⁸
1206 3562 1299 3652 geris
1337 3575 1372 3632 et
1408 3562 1660 3633 invocantibus
1698 3563 1817 3654 ipsum
1858 3558 2121 3632 communicare
2139 3549 2199 3650 ⁸⁸).

159 3607 278 3704 ΟΜ
304 3633 385 3680 cum
399 3609 634 3682 memmium
657 3612 762 3682 Μ’
784 3611 991 3708 reliqueris'
1014 3611 1152 3705 qualem
1204 3661 1304 3734 Bene
1327 3663 1423 3751 vale,
1447 3657 1644 3736 Malthace
1661 3665 1857 3749 carissime,
1891 3653 2132 3734 Ann01555.
2160 3657 2197 3726 in

159 3711 396 3805 illercliquit.
445 3709 544 3782 Hace
561 3712 715 3806 ineptiae
730 3737 805 3785 non
822 3727 906 3786 sunt
925 3738 1025 3786 rarae
1046 3713 1154 3784 etiam
1204 3763 1368 3852 pascam,
1393 3769 1488 3860 quod
1504 3767 1573 3838 suit
1588 3769 1634 3838 ab
1649 3763 2003 3838 uitulsragfflamm
2027 3785 2068 3832 εχ
2083 3756 2199 3854 Aegy.

159 3814 261 3908 ³P¹¹d
273 3808 438 3884 h⁰¹¹¹i¹¹⁰⁸
456 3838 531 3886 '¹⁰¹¹
545 3815 679 3902 ''¹³¹⁰‘’
701 3841 792 3911 ΨΜ
810 3817 947 3888 ‘timi
971 3831 1056 3888 mm
1078 3815 1154 3885 ⁵3¹st
1206 3881 1267 3961 pto
1280 3867 1389 3940 Pasca
1407 3868 1522 3944 6064.
1574 3867 1665 3940 Tam
1680 3869 1744 3940 diu
1759 3893 1840 3938 cum
1867 3864 2058 3938 servaverit
2074 3857 2200 3932 Eccle-

159 3915 313 4001 πάριθ’
338 3929 458 3988 tamen
473 3941 493 3988 ὃ
508 3933 804 3990 n⁰rm³ver¹t³t¹⁸
826 3933 861 3990 et
875 3921 1040 3991 eandm
1061 3941 1153 4037 ¹¹⁰⁰:
1206 3973 1295 4041 siam
1315 3971 1410 4042 filius
1436 3969 1519 4056 Dei,
1543 3994 1722 4060 speremus
1742 3985 1776 4042 et
1797 3969 1962 4060 deinceps
1978 3979 2198 4037 servaturum

161 4013 259 4090 mhil
281 4020 464 4088 recedunt.
515 4019 609 4092 Usus
629 4035 681 4091 est
706 4021 817 4111 igitur
837 4019 971 4093 Paulus
994 4021 1153 4090 molliori
1207 4097 1298 4157 esse,
1323 4087 1358 4143 et
1374 4073 1466 4140 veris
1481 4073 1670 4162 gemitibus
1681 4098 1761 4144 eum
1777 4095 1979 4164 precemur,
2005 4083 2045 4140 u,
2062 4087 2200 4155 ,emper

167 4120 314 4190 nomine
328 4115 585 4214 εὐτραπελίας,
612 4136 653 4193 ut
669 4135 704 4192 et
721 4123 808 4192 alibi
829 4125 944 4212 graeci
965 4121 1154 4214 scriptores
1208 4175 1217 4192 .
1259 4170 1297 4244 h.
1396 4173 1405 4191 .
1459 4173 1468 4190 ,
1874 4175 1884 4193 θ
1979 4170 2027 4188 Η
2100 4167 2126 4236 Γ

168 4243 298 4294 nomen
323 4215 542 4318 εὐτράπελος
566 4225 702 4293 nonde
724 4223 930 4294 virtutesed
947 4225 991 4294 de
1007 4218 1155 4295 homine
1206 4201 1245 4245 ¹¹¹
1286 4197 1316 4244 ¹⁸
1333 4173 1538 4264 “gmmbm
1554 4189 1733 4280 mmm
1748 4171 1944 4246 E⁰⁶l⁸⁸¹³¹¹¹
1960 4171 2029 4242 ³¹b¹
2044 4168 2100 4240 ⁰⁰¹
2116 4179 2196 4258 ¹3³¹·

163 4323 324 4396 versatili
340 4337 526 4418 usurpant.
576 4324 657 4397 Non
674 4349 756 4396 raro
772 4337 888 4396 autem
903 4339 1066 4419 peccant,
1091 4325 1153 4420 qui
1211 4363 2199 4392 -----.-.......-........--------—·-·

163 4450 206 4498 sc
229 4428 276 4498 ad
298 4426 521 4498 diversorum
546 4422 735 4499 homiuum
759 4449 881 4498 sensus
903 4443 939 4501 ct
954 4451 1071 4500 mores
1096 4428 1156 4496 in-

162 4529 326 4602 flectunt.
388 4527 512 4624 ltaque
540 4530 786 4622 intelligantur
805 4531 899 4623 apud
924 4529 1075 4601 Paulum
1098 4553 1156 4598 re·
1207 4495 1402 4575 N⁰·577⁰·
2047 4505 2104 4567 ¹⁷·
2119 4495 2197 4582 Ape.

1217 4595 1387 4625 Μ
2025 4589 2197 4621 m

160 4626 341 4727 prehendi
356 4631 448 4702 vicia
464 4633 639 4702 sermonis
656 4657 731 4703 non
747 4633 863 4724 lepos,
889 4633 952 4728 qui
973 4645 1024 4704 est
1045 4631 1157 4700 eeler-
1475 4673 1518 4760 L
1561 4667 1891 4790 pr-mosem

158 4733 255 4806 rime
272 4734 421 4824 cogitata
438 4734 580 4804 collatio
597 4759 717 4804 rerum
738 4735 930 4822 similium,
954 4748 1016 4806 aut
1035 4757 1157 4806 causa·
1308 4813 1394 4888 Em
1412 4813 1462 4872 tit.
1474 4736 1565 4888 vap.
1577 4815 1629 4872 2⁵4
1642 4833 1682 4890 'q'
1894 4729 1904 4752 .

160 4859 248 4909 rum
262 4836 467 4922 translatio,
493 4849 554 4907 aut
569 4837 639 4907 alia
654 4837 784 4928 figura,
799 4851 839 4909 ut
853 4860 959 4930 supra
973 4835 1066 4921 dixi,
1081 4859 1156 4906 non

162 4949 246 5012 otta
270 4961 291 5008 a
314 4939 470 5010 vanitate
492 4951 553 5009 aut
574 4939 767 5031 cupiditate
781 4940 954 5024 nocendi,
979 4940 1041 5008 sed
1057 4938 1158 5010 utili-

162 5039 230 5115 tati
254 5039 411 5112 serviens
435 5035 599 5112 adhibito
626 5041 734 5112 modo
764 5041 804 5112 in
826 5041 1062 5113 admonendis
1077 5039 1158 5112 aliis

163 5155 229 5216 aut
248 5143 477 5214 consolandis
498 5157 561 5216 aut
582 5143 765 5238 placandis
789 5157 851 5215 aut
875 5143 1088 5226 excitandis,
1117 5155 1158 5214 ut

1208 4967 1474 5045 Laurentio
1499 4967 1861 5070 Drirrnlsosrro,
1887 4965 2048 5066 'gubern
2075 4963 2200 5044 Schol.

1505 5073 1545 5146 in
1573 5069 1708 5174 oppido
1732 5066 1912 5148 Oelsnr'tz.
2181 5075 2185 5086 '

1210 5199 1261 5287 S·
1285 5213 1332 5287 D.
1385 5209 1587 5306 Utrumque
1611 5211 1715 5280 docet
1741 5233 1809 5280 vox
1834 5205 1978 5292 divina,
2003 5219 2038 5277 et
2061 5230 2100 5276 re
2127 5200 2200 5297 ipsa¹

1209 5315 1431 5408 experimur,
1462 5325 1655 5406 utrumque
1679 5312 1901 5382 verissimum
1931 5333 2024 5396 esse,
2058 5322 2092 5378 ct
2114 5307 2200 5378 sub·

168 5323 389 5339 μ

201 5427 246 5496 11)
266 5424 317 5482 ilic
329 5424 429 5480 iterum
445 5425 541 5497 incipit
556 5425 624 5482 liber
638 5423 721 5482 Delii.

201 5510 245 5578 16)
264 5509 323 5568 lib.
336 5511 399 5566 net.
416 5521 445 5566 et
458 5513 541 5572 beas.
736 5511 745 5536 ‘
1246 5511 1291 5579 16)
1309 5510 1362 5566 llic
1376 5507 1475 5564 desinit
1486 5505 1617 5654 asiptis
1629 5505 1658 5566 is
1672 5505 1746 5564 Delii
1760 5504 1841 5564 libro.
