<?xml version="1.0" encoding="UTF-8"?>
<!DOCTYPE html PUBLIC "-//W3C//DTD XHTML 1.0 Transitional//EN"
    "http://www.w3.org/TR/xhtml1/DTD/xhtml1-transitional.dtd">
<html xmlns="http://www.w3.org/1999/xhtml" xml:lang="en" lang="en">
 <head>
  <title>
</title>
<meta http-equiv="Content-Type" content="text/html;charset=utf-8" />
  <meta name='ocr-system' content='tesseract 3.04.00' />
  <meta name='ocr-capabilities' content='ocr_page ocr_carea ocr_par ocr_line ocrx_word'/>
</head>
<body>
  <div class='ocr_page' id='page_1' title='image "./philippimelanth05bindgoog_0249.png"; bbox 0 0 4808 6176; ppageno 0'>
   <div class='ocr_carea' id='block_1_1' title="bbox 123 271 2160 383">
    <p class='ocr_par' dir='ltr' id='par_1_1' title="bbox 123 271 2160 383">
     <span class='ocr_line' id='line_1_1' title="bbox 123 271 2160 383; baseline -0.015 0"><span class='ocrx_word' id='word_1_1' title='bbox 123 307 202 383; x_wconf 80' lang='grc'>117</span> <span class='ocrx_word' id='word_1_2' title='bbox 696 272 1132 364; x_wconf 74' lang='lat' dir='ltr'>uulsToLAtttJtt</span> <span class='ocrx_word' id='word_1_3' title='bbox 1185 273 1412 355; x_wconf 74' lang='lat' dir='ltr'>Ltuxtt.</span> <span class='ocrx_word' id='word_1_4' title='bbox 1468 271 1601 352; x_wconf 83' lang='grc'><strong>1655.</strong></span> <span class='ocrx_word' id='word_1_5' title='bbox 1758 275 1770 320; x_wconf 65' lang='lat' dir='ltr'>a</span> <span class='ocrx_word' id='word_1_6' title='bbox 2082 277 2160 355; x_wconf 79' lang='grc'>118</span> 
     </span>
    </p>
   </div>
   <div class='ocr_carea' id='block_1_2' title="bbox 12 449 2166 3105">
    <p class='ocr_par' dir='ltr' id='par_1_2' title="bbox 12 449 2166 3105">
     <span class='ocr_line' id='line_1_2' title="bbox 120 449 2160 562; baseline -0.007 -19"><span class='ocrx_word' id='word_1_7' title='bbox 120 479 217 557; x_wconf 68' lang='grc' dir='ltr'><strong>ςῑωὶ,</strong></span> <span class='ocrx_word' id='word_1_8' title='bbox 269 472 397 545; x_wconf 85' lang='lat' dir='ltr'>Visum</span> <span class='ocrx_word' id='word_1_9' title='bbox 412 467 522 562; x_wconf 82' lang='lat' dir='ltr'>igitur</span> <span class='ocrx_word' id='word_1_10' title='bbox 544 479 598 539; x_wconf 87' lang='lat' dir='ltr'>est</span> <span class='ocrx_word' id='word_1_11' title='bbox 612 459 658 535; x_wconf 88' lang='lat' dir='ltr'>V.</span> <span class='ocrx_word' id='word_1_12' title='bbox 669 457 719 536; x_wconf 83' lang='lat' dir='ltr'>R.</span> <span class='ocrx_word' id='word_1_13' title='bbox 736 453 1052 552; x_wconf 85' lang='lat' dir='ltr'>praemonentibus</span> <span class='ocrx_word' id='word_1_14' title='bbox 1070 451 1118 523; x_wconf 89' lang='lat' dir='ltr'>li·</span> <span class='ocrx_word' id='word_1_15' title='bbox 1171 463 1335 544; x_wconf 87' lang='lat' dir='ltr'>optamus</span> <span class='ocrx_word' id='word_1_16' title='bbox 1349 453 1392 524; x_wconf 90' lang='lat' dir='ltr'>ad</span> <span class='ocrx_word' id='word_1_17' title='bbox 1408 449 1555 524; x_wconf 86' lang='lat' dir='ltr'>vitanda</span> <span class='ocrx_word' id='word_1_18' title='bbox 1572 450 1706 524; x_wconf 89' lang='lat' dir='ltr'>scilicet</span> <span class='ocrx_word' id='word_1_19' title='bbox 1727 455 1911 544; x_wconf 81' lang='lat' dir='ltr'>seandala,</span> <span class='ocrx_word' id='word_1_20' title='bbox 1936 471 1971 532; x_wconf 90' lang='lat' dir='ltr'>et</span> <span class='ocrx_word' id='word_1_21' title='bbox 1986 457 2084 550; x_wconf 83' lang='lat' dir='ltr'>vulgi</span> <span class='ocrx_word' id='word_1_22' title='bbox 2101 457 2160 529; x_wconf 84' lang='lat' dir='ltr'>in-</span> 
     </span>
     <span class='ocr_line' id='line_1_3' title="bbox 121 549 2160 670; baseline -0.007 -25"><span class='ocrx_word' id='word_1_23' title='bbox 121 585 210 660; x_wconf 69' lang='lat' dir='ltr'>teris</span> <span class='ocrx_word' id='word_1_24' title='bbox 231 577 427 670; x_wconf 86' lang='lat' dir='ltr'>significare</span> <span class='ocrx_word' id='word_1_25' title='bbox 455 569 650 643; x_wconf 87' lang='lat' dir='ltr'>nonnullas</span> <span class='ocrx_word' id='word_1_26' title='bbox 682 583 821 646; x_wconf 88' lang='lat' dir='ltr'>causas,</span> <span class='ocrx_word' id='word_1_27' title='bbox 852 573 998 652; x_wconf 85' lang='lat' dir='ltr'>propter</span> <span class='ocrx_word' id='word_1_28' title='bbox 1030 578 1119 652; x_wconf 87' lang='lat' dir='ltr'>quas</span> <span class='ocrx_word' id='word_1_29' title='bbox 1169 577 1275 624; x_wconf 85' lang='lat' dir='ltr'>sanos</span> <span class='ocrx_word' id='word_1_30' title='bbox 1308 555 1480 626; x_wconf 84' lang='lat' dir='ltr'>clamores</span> <span class='ocrx_word' id='word_1_31' title='bbox 1513 549 1752 641; x_wconf 88' lang='lat' dir='ltr'>cohibendos,</span> <span class='ocrx_word' id='word_1_32' title='bbox 1784 557 1886 651; x_wconf 93' lang='lat' dir='ltr'>(nam</span> <span class='ocrx_word' id='word_1_33' title='bbox 1911 558 1950 630; x_wconf 92' lang='lat' dir='ltr'>in</span> <span class='ocrx_word' id='word_1_34' title='bbox 1978 585 2062 632; x_wconf 82' lang='lat' dir='ltr'>vero</span> <span class='ocrx_word' id='word_1_35' title='bbox 2089 559 2160 634; x_wconf 90' lang='lat' dir='ltr'>Dei</span> 
     </span>
     <span class='ocr_line' id='line_1_4' title="bbox 121 655 2160 762; baseline -0.012 -3"><span class='ocrx_word' id='word_1_36' title='bbox 121 683 218 762; x_wconf 86' lang='lat' dir='ltr'>hanc</span> <span class='ocrx_word' id='word_1_37' title='bbox 238 675 475 754; x_wconf 77' lang='lat' dir='ltr'>ceremoniam</span> <span class='ocrx_word' id='word_1_38' title='bbox 503 669 687 762; x_wconf 89' lang='lat' dir='ltr'>hucusque</span> <span class='ocrx_word' id='word_1_39' title='bbox 712 662 977 736; x_wconf 68' lang='lat' dir='ltr'>retinuerimus.</span> <span class='ocrx_word' id='word_1_40' title='bbox 1035 657 1119 730; x_wconf 88' lang='lat' dir='ltr'>Non</span> <span class='ocrx_word' id='word_1_41' title='bbox 1170 657 1289 742; x_wconf 90' lang='lat' dir='ltr'>cultu,</span> <span class='ocrx_word' id='word_1_42' title='bbox 1315 655 1355 726; x_wconf 89' lang='lat' dir='ltr'>in</span> <span class='ocrx_word' id='word_1_43' title='bbox 1370 657 1530 729; x_wconf 81' lang='lat' dir='ltr'>articulis</span> <span class='ocrx_word' id='word_1_44' title='bbox 1547 657 1645 738; x_wconf 86' lang='lat' dir='ltr'>fidei,</span> <span class='ocrx_word' id='word_1_45' title='bbox 1673 681 1762 750; x_wconf 91' lang='lat' dir='ltr'>pura</span> <span class='ocrx_word' id='word_1_46' title='bbox 1777 661 1938 732; x_wconf 86' lang='lat' dir='ltr'>doctrina</span> <span class='ocrx_word' id='word_1_47' title='bbox 1961 676 2080 735; x_wconf 90' lang='lat' dir='ltr'>etusu</span> <span class='ocrx_word' id='word_1_48' title='bbox 2103 687 2160 735; x_wconf 86' lang='lat' dir='ltr'>sa-</span> 
     </span>
     <span class='ocr_line' id='line_1_5' title="bbox 122 759 2160 863; baseline -0.012 -1"><span class='ocrx_word' id='word_1_49' title='bbox 122 787 222 863; x_wconf 89' lang='lat' dir='ltr'>enim</span> <span class='ocrx_word' id='word_1_50' title='bbox 241 785 321 854; x_wconf 89' lang='lat' dir='ltr'>ideo</span> <span class='ocrx_word' id='word_1_51' title='bbox 338 781 470 852; x_wconf 87' lang='lat' dir='ltr'>facturn</span> <span class='ocrx_word' id='word_1_52' title='bbox 492 769 716 853; x_wconf 82' lang='lat' dir='ltr'>existimetis,</span> <span class='ocrx_word' id='word_1_53' title='bbox 741 767 838 861; x_wconf 91' lang='lat' dir='ltr'>quod</span> <span class='ocrx_word' id='word_1_54' title='bbox 867 762 1018 833; x_wconf 89' lang='lat' dir='ltr'>velimus</span> <span class='ocrx_word' id='word_1_55' title='bbox 1041 784 1118 832; x_wconf 88' lang='lat' dir='ltr'>eam</span> <span class='ocrx_word' id='word_1_56' title='bbox 1171 772 1431 830; x_wconf 71' lang='lat' dir='ltr'>erameniorum</span> <span class='ocrx_word' id='word_1_57' title='bbox 1448 759 1541 830; x_wconf 88' lang='lat' dir='ltr'>inter</span> <span class='ocrx_word' id='word_1_58' title='bbox 1557 783 1622 830; x_wconf 91' lang='lat' dir='ltr'>nos</span> <span class='ocrx_word' id='word_1_59' title='bbox 1637 761 1735 852; x_wconf 86' lang='lat' dir='ltr'>pulla</span> <span class='ocrx_word' id='word_1_60' title='bbox 1754 774 1805 830; x_wconf 89' lang='lat' dir='ltr'>est</span> <span class='ocrx_word' id='word_1_61' title='bbox 1819 765 2000 836; x_wconf 90' lang='lat' dir='ltr'>contentio</span> <span class='ocrx_word' id='word_1_62' title='bbox 2021 779 2082 837; x_wconf 87' lang='lat' dir='ltr'>aut</span> <span class='ocrx_word' id='word_1_63' title='bbox 2097 791 2160 837; x_wconf 83' lang='lat' dir='ltr'>va-</span> 
     </span>
     <span class='ocr_line' id='line_1_6' title="bbox 122 857 2160 989; baseline -0.007 -35"><span class='ocrx_word' id='word_1_64' title='bbox 122 884 444 989; x_wconf 82' lang='lat' dir='ltr'>(quemadmodum</span> <span class='ocrx_word' id='word_1_65' title='bbox 462 878 552 948; x_wconf 88' lang='lat' dir='ltr'>falso</span> <span class='ocrx_word' id='word_1_66' title='bbox 572 872 678 946; x_wconf 93' lang='lat' dir='ltr'>nobis</span> <span class='ocrx_word' id='word_1_67' title='bbox 690 863 906 962; x_wconf 84' lang='lat' dir='ltr'>imponitur)</span> <span class='ocrx_word' id='word_1_68' title='bbox 930 862 1121 957; x_wconf 89' lang='lat' dir='ltr'>pertinaci·</span> <span class='ocrx_word' id='word_1_69' title='bbox 1170 857 1305 958; x_wconf 86' lang='lat' dir='ltr'>rictas).</span> <span class='ocrx_word' id='word_1_70' title='bbox 1355 857 1557 955; x_wconf 87' lang='lat' dir='ltr'>Obsequuti</span> <span class='ocrx_word' id='word_1_71' title='bbox 1570 863 1715 958; x_wconf 90' lang='lat' dir='ltr'>quidem</span> <span class='ocrx_word' id='word_1_72' title='bbox 1730 877 1814 934; x_wconf 89' lang='lat' dir='ltr'>sunt</span> <span class='ocrx_word' id='word_1_73' title='bbox 1828 867 1995 936; x_wconf 91' lang='lat' dir='ltr'>nonnulli</span> <span class='ocrx_word' id='word_1_74' title='bbox 2012 863 2160 960; x_wconf 84' lang='lat' dir='ltr'>parochi</span> 
     </span>
     <span class='ocr_line' id='line_1_7' title="bbox 123 961 2159 1080; baseline -0.008 -23"><span class='ocrx_word' id='word_1_75' title='bbox 123 1011 199 1080; x_wconf 77' lang='lat' dir='ltr'>ter,</span> <span class='ocrx_word' id='word_1_76' title='bbox 222 1002 264 1062; x_wconf 92' lang='lat' dir='ltr'>nt</span> <span class='ocrx_word' id='word_1_77' title='bbox 280 1010 356 1058; x_wconf 87' lang='lat' dir='ltr'>rem</span> <span class='ocrx_word' id='word_1_78' title='bbox 372 983 416 1052; x_wconf 90' lang='lat' dir='ltr'>ad</span> <span class='ocrx_word' id='word_1_79' title='bbox 433 1003 557 1052; x_wconf 88' lang='lat' dir='ltr'>verum</span> <span class='ocrx_word' id='word_1_80' title='bbox 572 977 709 1049; x_wconf 91' lang='lat' dir='ltr'>cultum</span> <span class='ocrx_word' id='word_1_81' title='bbox 725 985 760 1042; x_wconf 90' lang='lat' dir='ltr'>et</span> <span class='ocrx_word' id='word_1_82' title='bbox 777 965 913 1067; x_wconf 90' lang='lat' dir='ltr'>Christi</span> <span class='ocrx_word' id='word_1_83' title='bbox 928 979 1120 1038; x_wconf 86' lang='lat' dir='ltr'>testamen·</span> <span class='ocrx_word' id='word_1_84' title='bbox 1172 976 1206 1034; x_wconf 87' lang='lat' dir='ltr'>et</span> <span class='ocrx_word' id='word_1_85' title='bbox 1227 963 1329 1036; x_wconf 90' lang='lat' dir='ltr'>verbi</span> <span class='ocrx_word' id='word_1_86' title='bbox 1347 963 1504 1034; x_wconf 88' lang='lat' dir='ltr'>ministri</span> <span class='ocrx_word' id='word_1_87' title='bbox 1526 965 1707 1058; x_wconf 90' lang='lat' dir='ltr'>proposito</span> <span class='ocrx_word' id='word_1_88' title='bbox 1731 963 1785 1039; x_wconf 90' lang='lat' dir='ltr'>M.</span> <span class='ocrx_word' id='word_1_89' title='bbox 1799 961 1962 1062; x_wconf 75' lang='lat' dir='ltr'>Karga&#39;s&#39;3</span> <span class='ocrx_word' id='word_1_90' title='bbox 1989 971 2159 1044; x_wconf 87' lang='lat' dir='ltr'>nonnulli</span> 
     </span>
     <span class='ocr_line' id='line_1_8' title="bbox 123 1063 2160 1170; baseline -0.011 -6"><span class='ocrx_word' id='word_1_91' title='bbox 123 1111 204 1170; x_wconf 90' lang='lat' dir='ltr'>tum</span> <span class='ocrx_word' id='word_1_92' title='bbox 226 1084 478 1169; x_wconf 88' lang='lat' dir='ltr'>necessariam,</span> <span class='ocrx_word' id='word_1_93' title='bbox 512 1082 719 1160; x_wconf 85' lang='lat' dir='ltr'>defendere,</span> <span class='ocrx_word' id='word_1_94' title='bbox 752 1085 858 1166; x_wconf 89' lang='lat' dir='ltr'>atque</span> <span class='ocrx_word' id='word_1_95' title='bbox 882 1070 1033 1140; x_wconf 90' lang='lat' dir='ltr'>aliarum</span> <span class='ocrx_word' id='word_1_96' title='bbox 1062 1091 1119 1138; x_wconf 88' lang='lat' dir='ltr'>ec·</span> <span class='ocrx_word' id='word_1_97' title='bbox 1170 1077 1288 1136; x_wconf 87' lang='lat' dir='ltr'>tamen</span> <span class='ocrx_word' id='word_1_98' title='bbox 1309 1079 1516 1138; x_wconf 90' lang='lat' dir='ltr'>renuerunt.</span> <span class='ocrx_word' id='word_1_99' title='bbox 1568 1063 1827 1140; x_wconf 77' lang='lat' dir='ltr'>Auctoritatem</span> <span class='ocrx_word' id='word_1_100' title='bbox 1849 1093 2003 1166; x_wconf 85' lang='lat' dir='ltr'>namque</span> <span class='ocrx_word' id='word_1_101' title='bbox 2027 1067 2160 1142; x_wconf 88' lang='lat' dir='ltr'>Archi-</span> 
     </span>
     <span class='ocr_line' id='line_1_9' title="bbox 124 1167 2159 1278; baseline -0.011 -10"><span class='ocrx_word' id='word_1_102' title='bbox 124 1196 312 1278; x_wconf 84' lang='lat' dir='ltr'>clesiarnm</span> <span class='ocrx_word' id='word_1_103' title='bbox 332 1189 442 1260; x_wconf 91' lang='lat' dir='ltr'>ritum</span> <span class='ocrx_word' id='word_1_104' title='bbox 461 1181 819 1270; x_wconf 78' lang='lat' dir='ltr'>doctissimorumque</span> <span class='ocrx_word' id='word_1_105' title='bbox 838 1172 997 1242; x_wconf 85' lang='lat' dir='ltr'>virorum</span> <span class='ocrx_word' id='word_1_106' title='bbox 1023 1169 1119 1240; x_wconf 92' lang='lat' dir='ltr'>iudi·</span> <span class='ocrx_word' id='word_1_107' title='bbox 1171 1167 1326 1262; x_wconf 87' lang='lat' dir='ltr'>episcopi</span> <span class='ocrx_word' id='word_1_108' title='bbox 1350 1181 1412 1240; x_wconf 91' lang='lat' dir='ltr'>aut</span> <span class='ocrx_word' id='word_1_109' title='bbox 1441 1167 1570 1238; x_wconf 90' lang='lat' dir='ltr'>summi</span> <span class='ocrx_word' id='word_1_110' title='bbox 1592 1167 1928 1262; x_wconf 73' lang='lat' dir='ltr'>superintendentis</span> <span class='ocrx_word' id='word_1_111' title='bbox 1950 1173 2026 1266; x_wconf 85' lang='lat' dir='ltr'>ipse</span> <span class='ocrx_word' id='word_1_112' title='bbox 2049 1169 2159 1246; x_wconf 85' lang='lat' dir='ltr'>Kar-</span> 
     </span>
     <span class='ocr_line' id='line_1_10' title="bbox 123 1268 2156 1375; baseline -0.012 -7"><span class='ocrx_word' id='word_1_113' title='bbox 123 1301 220 1375; x_wconf 84' lang='lat' dir='ltr'>cium</span> <span class='ocrx_word' id='word_1_114' title='bbox 244 1309 281 1367; x_wconf 89' lang='lat' dir='ltr'>et</span> <span class='ocrx_word' id='word_1_115' title='bbox 301 1289 491 1364; x_wconf 91' lang='lat' dir='ltr'>consilium</span> <span class='ocrx_word' id='word_1_116' title='bbox 514 1280 579 1356; x_wconf 89' lang='lat' dir='ltr'>hac</span> <span class='ocrx_word' id='word_1_117' title='bbox 600 1283 640 1352; x_wconf 90' lang='lat' dir='ltr'>in</span> <span class='ocrx_word' id='word_1_118' title='bbox 664 1306 702 1352; x_wconf 90' lang='lat' dir='ltr'>re</span> <span class='ocrx_word' id='word_1_119' title='bbox 719 1280 889 1348; x_wconf 87' lang='lat' dir='ltr'>damnare</span> <span class='ocrx_word' id='word_1_120' title='bbox 912 1286 973 1344; x_wconf 89' lang='lat' dir='ltr'>aut</span> <span class='ocrx_word' id='word_1_121' title='bbox 997 1295 1116 1364; x_wconf 89' lang='lat' dir='ltr'>repro·</span> <span class='ocrx_word' id='word_1_122' title='bbox 1167 1268 1256 1364; x_wconf 80' lang='lat' dir='ltr'>gius</span> <span class='ocrx_word' id='word_1_123' title='bbox 1272 1271 1472 1340; x_wconf 83' lang='lat' dir='ltr'>adscribere</span> <span class='ocrx_word' id='word_1_124' title='bbox 1488 1271 1556 1340; x_wconf 89' lang='lat' dir='ltr'>sibi</span> <span class='ocrx_word' id='word_1_125' title='bbox 1571 1295 1756 1366; x_wconf 85' lang='lat' dir='ltr'>nunquam</span> <span class='ocrx_word' id='word_1_126' title='bbox 1773 1272 1905 1360; x_wconf 86' lang='lat' dir='ltr'>voluit,</span> <span class='ocrx_word' id='word_1_127' title='bbox 1929 1275 1977 1348; x_wconf 91' lang='lat' dir='ltr'>ita</span> <span class='ocrx_word' id='word_1_128' title='bbox 1988 1275 2156 1347; x_wconf 86' lang='lat' dir='ltr'>dicentis:</span> 
     </span>
     <span class='ocr_line' id='line_1_11' title="bbox 122 1373 2146 1476; baseline -0.008 -10"><span class='ocrx_word' id='word_1_129' title='bbox 122 1405 222 1476; x_wconf 77' lang='lat' dir='ltr'>hare.</span> <span class='ocrx_word' id='word_1_130' title='bbox 271 1393 447 1468; x_wconf 88' lang='lat' dir='ltr'>Novimus</span> <span class='ocrx_word' id='word_1_131' title='bbox 465 1389 562 1460; x_wconf 88' lang='lat' dir='ltr'>enim</span> <span class='ocrx_word' id='word_1_132' title='bbox 577 1383 646 1456; x_wconf 91' lang='lat' dir='ltr'>Dei</span> <span class='ocrx_word' id='word_1_133' title='bbox 661 1379 850 1462; x_wconf 83' lang='lat' dir='ltr'>beneficio,</span> <span class='ocrx_word' id='word_1_134' title='bbox 868 1400 907 1446; x_wconf 84' lang='lat' dir='ltr'>ex</span> <span class='ocrx_word' id='word_1_135' title='bbox 925 1374 1117 1446; x_wconf 89' lang='lat' dir='ltr'>multorum</span> <span class='ocrx_word' id='word_1_136' title='bbox 1171 1394 1236 1466; x_wconf 81' lang='lat' dir='ltr'>ego</span> <span class='ocrx_word' id='word_1_137' title='bbox 1249 1377 1307 1444; x_wconf 83' lang='lat' dir='ltr'>sto</span> <span class='ocrx_word' id='word_1_138' title='bbox 1320 1396 1389 1466; x_wconf 86' lang='lat' dir='ltr'>pro</span> <span class='ocrx_word' id='word_1_139' title='bbox 1404 1395 1477 1454; x_wconf 88' lang='lat' dir='ltr'>me,</span> <span class='ocrx_word' id='word_1_140' title='bbox 1501 1373 1749 1473; x_wconf 75' lang='lat' dir='ltr'>unusquisque</span> <span class='ocrx_word' id='word_1_141' title='bbox 1761 1383 1828 1446; x_wconf 85' lang='lat' dir='ltr'>stet</span> <span class='ocrx_word' id='word_1_142' title='bbox 1840 1397 1911 1472; x_wconf 85' lang='lat' dir='ltr'>pro</span> <span class='ocrx_word' id='word_1_143' title='bbox 1925 1399 1974 1452; x_wconf 87' lang='lat' dir='ltr'>se.</span> <span class='ocrx_word' id='word_1_144' title='bbox 2026 1377 2146 1470; x_wconf 89' lang='lat' dir='ltr'>Quare</span> 
     </span>
     <span class='ocr_line' id='line_1_12' title="bbox 123 1429 2158 1600; baseline -0.007 -37"><span class='ocrx_word' id='word_1_145' title='bbox 123 1513 394 1600; x_wconf 62' lang='lat' dir='ltr'>praecepturum</span> <span class='ocrx_word' id='word_1_146' title='bbox 437 1505 659 1570; x_wconf 87' lang='lat' dir='ltr'>nostrorum,</span> <span class='ocrx_word' id='word_1_147' title='bbox 712 1481 756 1557; x_wconf 91' lang='lat' dir='ltr'>D.</span> <span class='ocrx_word' id='word_1_148' title='bbox 794 1467 1119 1560; x_wconf 74' lang='grc' dir='ltr'>ΜιΙαηοΙιΙΙιοηίε,</span> <span class='ocrx_word' id='word_1_149' title='bbox 1170 1499 1243 1544; x_wconf 88' lang='lat' dir='ltr'>non</span> <span class='ocrx_word' id='word_1_150' title='bbox 1266 1476 1333 1545; x_wconf 91' lang='lat' dir='ltr'>soli</span> <span class='ocrx_word' id='word_1_151' title='bbox 1352 1499 1495 1560; x_wconf 78' lang='lat' dir='ltr'>stamus,</span> <span class='ocrx_word' id='word_1_152' title='bbox 1522 1478 1822 1568; x_wconf 82' lang='lat' dir='ltr'>quemadmodum</span> <span class='ocrx_word' id='word_1_153' title='bbox 1842 1473 2054 1574; x_wconf 80' lang='lat' dir='ltr'>Kargr&#39;um,</span> <span class='ocrx_word' id='word_1_154' title='bbox 2078 1429 2158 1574; x_wconf 74' lang='lat' dir='ltr'>pas-¹</span> 
     </span>
     <span class='ocr_line' id='line_1_13' title="bbox 123 1577 2157 1682; baseline -0.013 -2"><span class='ocrx_word' id='word_1_155' title='bbox 123 1609 211 1679; x_wconf 87' lang='lat' dir='ltr'>item</span> <span class='ocrx_word' id='word_1_156' title='bbox 230 1600 275 1675; x_wconf 90' lang='lat' dir='ltr'>D.</span> <span class='ocrx_word' id='word_1_157' title='bbox 291 1591 459 1671; x_wconf 78' lang='lat' dir='ltr'>Maioris</span> <span class='ocrx_word' id='word_1_158' title='bbox 476 1583 879 1682; x_wconf 59' lang='lat' dir='ltr'>aliorumquessscriptis,</span> <span class='ocrx_word' id='word_1_159' title='bbox 904 1579 1055 1648; x_wconf 82' lang='lat' dir='ltr'>maxime</span> <span class='ocrx_word' id='word_1_160' title='bbox 1076 1601 1118 1646; x_wconf 86' lang='lat' dir='ltr'>ex</span> <span class='ocrx_word' id='word_1_161' title='bbox 1171 1579 1237 1648; x_wconf 87' lang='lat' dir='ltr'>sim</span> <span class='ocrx_word' id='word_1_162' title='bbox 1262 1601 1344 1663; x_wconf 88' lang='lat' dir='ltr'>nos,</span> <span class='ocrx_word' id='word_1_163' title='bbox 1371 1577 1652 1664; x_wconf 89' lang='lat' dir='ltr'>calumniantur,</span> <span class='ocrx_word' id='word_1_164' title='bbox 1676 1579 1739 1674; x_wconf 94' lang='lat' dir='ltr'>qui</span> <span class='ocrx_word' id='word_1_165' title='bbox 1767 1582 1961 1652; x_wconf 90' lang='lat' dir='ltr'>sententiae</span> <span class='ocrx_word' id='word_1_166' title='bbox 1982 1583 2057 1653; x_wconf 90' lang='lat' dir='ltr'>eius</span> <span class='ocrx_word' id='word_1_167' title='bbox 2081 1607 2157 1654; x_wconf 91' lang='lat' dir='ltr'>non</span> 
     </span>
     <span class='ocr_line' id='line_1_14' title="bbox 123 1675 2157 1783; baseline -0.013 -1"><span class='ocrx_word' id='word_1_168' title='bbox 123 1699 411 1783; x_wconf 87' lang='lat' dir='ltr'>reverendissimi</span> <span class='ocrx_word' id='word_1_169' title='bbox 420 1695 489 1766; x_wconf 86' lang='lat' dir='ltr'>viri</span> <span class='ocrx_word' id='word_1_170' title='bbox 506 1687 694 1764; x_wconf 86' lang='lat' dir='ltr'>iuChristo</span> <span class='ocrx_word' id='word_1_171' title='bbox 705 1684 883 1766; x_wconf 85' lang='lat' dir='ltr'>defuncti,</span> <span class='ocrx_word' id='word_1_172' title='bbox 898 1677 943 1752; x_wconf 83' lang='lat' dir='ltr'>l).</span> <span class='ocrx_word' id='word_1_173' title='bbox 951 1675 1121 1750; x_wconf 81' lang='lat' dir='ltr'>Martini</span> <span class='ocrx_word' id='word_1_174' title='bbox 1169 1681 1313 1774; x_wconf 90' lang='lat' dir='ltr'>quidem</span> <span class='ocrx_word' id='word_1_175' title='bbox 1331 1703 1372 1750; x_wconf 84' lang='lat' dir='ltr'>ex</span> <span class='ocrx_word' id='word_1_176' title='bbox 1386 1691 1608 1771; x_wconf 90' lang='lat' dir='ltr'>contemptu,</span> <span class='ocrx_word' id='word_1_177' title='bbox 1631 1683 1691 1751; x_wconf 87' lang='lat' dir='ltr'>sed</span> <span class='ocrx_word' id='word_1_178' title='bbox 1709 1695 1855 1773; x_wconf 91' lang='lat' dir='ltr'>propter</span> <span class='ocrx_word' id='word_1_179' title='bbox 1870 1707 1992 1755; x_wconf 85' lang='lat' dir='ltr'>causes</span> <span class='ocrx_word' id='word_1_180' title='bbox 2009 1707 2157 1756; x_wconf 84' lang='lat' dir='ltr'>enume-</span> 
     </span>
     <span class='ocr_line' id='line_1_15' title="bbox 124 1783 2157 1884; baseline -0.012 -2"><span class='ocrx_word' id='word_1_181' title='bbox 124 1801 290 1884; x_wconf 76' lang='lat' dir='ltr'>Lulhm&#39;</span> <span class='ocrx_word' id='word_1_182' title='bbox 311 1802 438 1874; x_wconf 89' lang='lat' dir='ltr'>ultima</span> <span class='ocrx_word' id='word_1_183' title='bbox 454 1795 673 1868; x_wconf 85' lang='lat' dir='ltr'>confessione</span> <span class='ocrx_word' id='word_1_184' title='bbox 696 1791 740 1860; x_wconf 92' lang='lat' dir='ltr'>de</span> <span class='ocrx_word' id='word_1_185' title='bbox 761 1789 995 1867; x_wconf 88' lang='lat' dir='ltr'>sa&#39;cramento,</span> <span class='ocrx_word' id='word_1_186' title='bbox 1022 1805 1117 1850; x_wconf 89' lang='lat' dir='ltr'>anno</span> <span class='ocrx_word' id='word_1_187' title='bbox 1146 1797 1262 1853; x_wconf 65' lang='lat' dir='ltr'>‘ratas</span> <span class='ocrx_word' id='word_1_188' title='bbox 1284 1783 1522 1872; x_wconf 80' lang='lat' dir='ltr'>refragamur,</span> <span class='ocrx_word' id='word_1_189' title='bbox 1553 1795 1659 1876; x_wconf 84' lang='lat' dir='ltr'>atque</span> <span class='ocrx_word' id='word_1_190' title='bbox 1679 1784 1755 1854; x_wconf 88' lang='lat' dir='ltr'>eius</span> <span class='ocrx_word' id='word_1_191' title='bbox 1783 1783 1915 1857; x_wconf 91' lang='lat' dir='ltr'>iudicio</span> <span class='ocrx_word' id='word_1_192' title='bbox 1935 1786 2157 1858; x_wconf 82' lang='lat' dir='ltr'>subscribere</span> 
     </span>
     <span class='ocr_line' id='line_1_16' title="bbox 127 1879 2156 1996; baseline -0.015 -6"><span class='ocrx_word' id='word_1_193' title='bbox 127 1911 240 1990; x_wconf 75' lang='grc'><strong>1516.</strong></span> <span class='ocrx_word' id='word_1_194' title='bbox 262 1908 377 1990; x_wconf 86' lang='lat' dir='ltr'>edita,</span> <span class='ocrx_word' id='word_1_195' title='bbox 402 1901 532 1996; x_wconf 91' lang='lat' dir='ltr'>quibus</span> <span class='ocrx_word' id='word_1_196' title='bbox 557 1891 824 1968; x_wconf 88' lang='lat' dir='ltr'>conditionibus</span> <span class='ocrx_word' id='word_1_197' title='bbox 846 1911 901 1958; x_wconf 89' lang='lat' dir='ltr'>res</span> <span class='ocrx_word' id='word_1_198' title='bbox 924 1883 1057 1954; x_wconf 88' lang='lat' dir='ltr'>mediae</span> <span class='ocrx_word' id='word_1_199' title='bbox 1084 1897 1118 1952; x_wconf 88' lang='lat' dir='ltr'>et</span> <span class='ocrx_word' id='word_1_200' title='bbox 1168 1885 1368 1970; x_wconf 90' lang='lat' dir='ltr'>noluimus,</span> <span class='ocrx_word' id='word_1_201' title='bbox 1391 1887 1451 1954; x_wconf 88' lang='lat' dir='ltr'>sed</span> <span class='ocrx_word' id='word_1_202' title='bbox 1469 1884 1576 1954; x_wconf 90' lang='lat' dir='ltr'>multi</span> <span class='ocrx_word' id='word_1_203' title='bbox 1589 1879 1707 1958; x_wconf 88' lang='lat' dir='ltr'>adhoc</span> <span class='ocrx_word' id='word_1_204' title='bbox 1721 1885 1783 1956; x_wconf 92' lang='lat' dir='ltr'>alii</span> <span class='ocrx_word' id='word_1_205' title='bbox 1798 1899 1900 1973; x_wconf 89' lang='lat' dir='ltr'>sunt,</span> <span class='ocrx_word' id='word_1_206' title='bbox 1924 1887 1987 1983; x_wconf 89' lang='lat' dir='ltr'>qui</span> <span class='ocrx_word' id='word_1_207' title='bbox 2002 1913 2073 1960; x_wconf 88' lang='lat' dir='ltr'>una</span> <span class='ocrx_word' id='word_1_208' title='bbox 2089 1913 2156 1960; x_wconf 88' lang='lat' dir='ltr'>no-</span> 
     </span>
     <span class='ocr_line' id='line_1_17' title="bbox 129 1984 2155 2093; baseline -0.011 -7"><span class='ocrx_word' id='word_1_209' title='bbox 129 2013 370 2086; x_wconf 87' lang='lat' dir='ltr'>indifferentes</span> <span class='ocrx_word' id='word_1_210' title='bbox 392 2005 480 2080; x_wconf 88' lang='lat' dir='ltr'>citra</span> <span class='ocrx_word' id='word_1_211' title='bbox 503 2011 683 2093; x_wconf 90' lang='lat' dir='ltr'>peccatum</span> <span class='ocrx_word' id='word_1_212' title='bbox 709 1990 888 2063; x_wconf 88' lang='lat' dir='ltr'>observari</span> <span class='ocrx_word' id='word_1_213' title='bbox 917 1999 979 2058; x_wconf 91' lang='lat' dir='ltr'>aut</span> <span class='ocrx_word' id='word_1_214' title='bbox 1000 1984 1117 2058; x_wconf 91' lang='lat' dir='ltr'>omitti</span> <span class='ocrx_word' id='word_1_215' title='bbox 1169 1987 1305 2057; x_wconf 83' lang='lat' dir='ltr'>biscum</span> <span class='ocrx_word' id='word_1_216' title='bbox 1336 1997 1519 2078; x_wconf 83' lang='lat' dir='ltr'>expectant</span> <span class='ocrx_word' id='word_1_217' title='bbox 1545 1987 1784 2060; x_wconf 88' lang='lat' dir='ltr'>universalem</span> <span class='ocrx_word' id='word_1_218' title='bbox 1807 1989 1846 2059; x_wconf 89' lang='lat' dir='ltr'>in</span> <span class='ocrx_word' id='word_1_219' title='bbox 1869 1989 2012 2063; x_wconf 91' lang='lat' dir='ltr'>Ducatu</span> <span class='ocrx_word' id='word_1_220' title='bbox 2033 2005 2155 2063; x_wconf 88' lang='lat' dir='ltr'>nostro</span> 
     </span>
     <span class='ocr_line' id='line_1_18' title="bbox 12 2088 2156 2210; baseline -0.007 -32"><span class='ocrx_word' id='word_1_221' title='bbox 12 2169 18 2178; x_wconf 79' lang='grc'><strong>.</strong></span> <span class='ocrx_word' id='word_1_222' title='bbox 136 2115 278 2210; x_wconf 80' lang='lat' dir='ltr'>possint.</span> <span class='ocrx_word' id='word_1_223' title='bbox 322 2107 421 2179; x_wconf 88' lang='lat' dir='ltr'>Haec</span> <span class='ocrx_word' id='word_1_224' title='bbox 439 2117 556 2174; x_wconf 88' lang='lat' dir='ltr'>autem</span> <span class='ocrx_word' id='word_1_225' title='bbox 572 2095 778 2192; x_wconf 87' lang='lat' dir='ltr'>principalis</span> <span class='ocrx_word' id='word_1_226' title='bbox 799 2115 902 2162; x_wconf 89' lang='lat' dir='ltr'>causa</span> <span class='ocrx_word' id='word_1_227' title='bbox 925 2102 994 2170; x_wconf 86' lang='lat' dir='ltr'>est,</span> <span class='ocrx_word' id='word_1_228' title='bbox 1020 2089 1115 2182; x_wconf 93' lang='lat' dir='ltr'>quod</span> <span class='ocrx_word' id='word_1_229' title='bbox 1168 2089 1281 2158; x_wconf 88' lang='lat' dir='ltr'>divini</span> <span class='ocrx_word' id='word_1_230' title='bbox 1315 2089 1414 2158; x_wconf 85' lang='lat' dir='ltr'>verbi</span> <span class='ocrx_word' id='word_1_231' title='bbox 1442 2088 1689 2160; x_wconf 86' lang='lat' dir='ltr'>ministrorum</span> <span class='ocrx_word' id='word_1_232' title='bbox 1716 2090 1908 2180; x_wconf 83' lang='lat' dir='ltr'>legitimam</span> <span class='ocrx_word' id='word_1_233' title='bbox 1930 2095 2156 2164; x_wconf 86' lang='lat' dir='ltr'>convocatio-</span> 
     </span>
     <span class='ocr_line' id='line_1_19' title="bbox 138 2189 2166 2290; baseline -0.01 -3"><span class='ocrx_word' id='word_1_234' title='bbox 138 2219 179 2286; x_wconf 91' lang='lat' dir='ltr'>in</span> <span class='ocrx_word' id='word_1_235' title='bbox 195 2211 392 2286; x_wconf 88' lang='lat' dir='ltr'>ceremoniis</span> <span class='ocrx_word' id='word_1_236' title='bbox 407 2221 608 2276; x_wconf 87' lang='lat' dir='ltr'>nostrarum</span> <span class='ocrx_word' id='word_1_237' title='bbox 625 2199 850 2270; x_wconf 86' lang='lat' dir='ltr'>ecclesiarum</span> <span class='ocrx_word' id='word_1_238' title='bbox 873 2189 1044 2264; x_wconf 88' lang='lat' dir='ltr'>hactenus</span> <span class='ocrx_word' id='word_1_239' title='bbox 1061 2191 1115 2258; x_wconf 91' lang='lat' dir='ltr'>ui·</span> <span class='ocrx_word' id='word_1_240' title='bbox 1170 2215 1271 2276; x_wconf 70' lang='lat' dir='ltr'>nean,</span> <span class='ocrx_word' id='word_1_241' title='bbox 1298 2205 1332 2261; x_wconf 92' lang='lat' dir='ltr'>et</span> <span class='ocrx_word' id='word_1_242' title='bbox 1353 2215 1504 2286; x_wconf 85' lang='lat' dir='ltr'>aequum</span> <span class='ocrx_word' id='word_1_243' title='bbox 1521 2193 1634 2262; x_wconf 91' lang='lat' dir='ltr'>nostri</span> <span class='ocrx_word' id='word_1_244' title='bbox 1652 2193 1797 2282; x_wconf 81' lang='lat' dir='ltr'>magistr</span> <span class='ocrx_word' id='word_1_245' title='bbox 1819 2207 1875 2265; x_wconf 88' lang='lat' dir='ltr'>lus</span> <span class='ocrx_word' id='word_1_246' title='bbox 1895 2209 2000 2290; x_wconf 87' lang='lat' dir='ltr'>atque</span> <span class='ocrx_word' id='word_1_247' title='bbox 2025 2191 2092 2266; x_wconf 89' lang='lat' dir='ltr'>hac</span> <span class='ocrx_word' id='word_1_248' title='bbox 2118 2197 2166 2266; x_wconf 67' lang='lat' dir='ltr'>in&#39;</span> 
     </span>
     <span class='ocr_line' id='line_1_20' title="bbox 132 2291 2157 2392; baseline -0.009 -3"><span class='ocrx_word' id='word_1_249' title='bbox 132 2315 189 2389; x_wconf 88' lang='lat' dir='ltr'>hil</span> <span class='ocrx_word' id='word_1_250' title='bbox 213 2313 481 2386; x_wconf 87' lang='lat' dir='ltr'>immutavimus.</span> <span class='ocrx_word' id='word_1_251' title='bbox 545 2303 652 2376; x_wconf 85' lang='lat' dir='ltr'>Ritus</span> <span class='ocrx_word' id='word_1_252' title='bbox 675 2298 882 2370; x_wconf 81' lang='lat' dir='ltr'>elevationis</span> <span class='ocrx_word' id='word_1_253' title='bbox 915 2294 953 2362; x_wconf 92' lang='lat' dir='ltr'>in</span> <span class='ocrx_word' id='word_1_254' title='bbox 978 2291 1115 2363; x_wconf 81' lang='lat' dir='ltr'>Ducatu</span> <span class='ocrx_word' id='word_1_255' title='bbox 1169 2319 1206 2362; x_wconf 90' lang='lat' dir='ltr'>rc</span> <span class='ocrx_word' id='word_1_256' title='bbox 1239 2294 1377 2364; x_wconf 91' lang='lat' dir='ltr'>licitum</span> <span class='ocrx_word' id='word_1_257' title='bbox 1409 2294 1633 2374; x_wconf 81' lang='lat' dir='ltr'>nrandatum,</span> <span class='ocrx_word' id='word_1_258' title='bbox 1666 2298 1762 2388; x_wconf 89' lang='lat' dir='ltr'>quod</span> <span class='ocrx_word' id='word_1_259' title='bbox 1797 2320 1815 2365; x_wconf 89' lang='lat' dir='ltr'>c</span> <span class='ocrx_word' id='word_1_260' title='bbox 1844 2321 1876 2364; x_wconf 93' lang='lat' dir='ltr'>m</span> <span class='ocrx_word' id='word_1_261' title='bbox 1911 2313 2063 2392; x_wconf 89' lang='lat' dir='ltr'>utroque</span> <span class='ocrx_word' id='word_1_262' title='bbox 2095 2313 2157 2370; x_wconf 92' lang='lat' dir='ltr'>aut</span> 
     </span>
     <span class='ocr_line' id='line_1_21' title="bbox 128 2390 2156 2504; baseline -0.01 -13"><span class='ocrx_word' id='word_1_263' title='bbox 128 2410 466 2504; x_wconf 89' lang='lat' dir='ltr'>Brandenburgensi</span> <span class='ocrx_word' id='word_1_264' title='bbox 483 2409 527 2477; x_wconf 85' lang='lat' dir='ltr'>ab</span> <span class='ocrx_word' id='word_1_265' title='bbox 544 2405 728 2494; x_wconf 87' lang='lat' dir='ltr'>invulgato</span> <span class='ocrx_word' id='word_1_266' title='bbox 753 2397 935 2484; x_wconf 84' lang='lat' dir='ltr'>evangelio</span> <span class='ocrx_word' id='word_1_267' title='bbox 949 2407 984 2464; x_wconf 91' lang='lat' dir='ltr'>et</span> <span class='ocrx_word' id='word_1_268' title='bbox 999 2417 1116 2464; x_wconf 83' lang='lat' dir='ltr'>susce·</span> <span class='ocrx_word' id='word_1_269' title='bbox 1168 2421 1279 2466; x_wconf 70' lang='lat' dir='ltr'>uratum</span> <span class='ocrx_word' id='word_1_270' title='bbox 1291 2390 1326 2487; x_wconf 71' lang='lat'>¹⁵)</span> <span class='ocrx_word' id='word_1_271' title='bbox 1349 2396 1425 2478; x_wconf 88' lang='lat' dir='ltr'>liet,</span> <span class='ocrx_word' id='word_1_272' title='bbox 1450 2395 1488 2462; x_wconf 93' lang='lat' dir='ltr'>in</span> <span class='ocrx_word' id='word_1_273' title='bbox 1510 2397 1614 2464; x_wconf 89' lang='lat' dir='ltr'>nobis</span> <span class='ocrx_word' id='word_1_274' title='bbox 1628 2420 1703 2466; x_wconf 92' lang='lat' dir='ltr'>non</span> <span class='ocrx_word' id='word_1_275' title='bbox 1724 2397 1789 2468; x_wconf 88' lang='lat' dir='ltr'>erit</span> <span class='ocrx_word' id='word_1_276' title='bbox 1806 2398 1878 2468; x_wconf 90' lang='lat' dir='ltr'>ulla</span> <span class='ocrx_word' id='word_1_277' title='bbox 1895 2425 2008 2471; x_wconf 86' lang='lat' dir='ltr'>mora.</span> <span class='ocrx_word' id='word_1_278' title='bbox 2059 2397 2156 2470; x_wconf 88' lang='lat' dir='ltr'>Haec</span> 
     </span>
     <span class='ocr_line' id='line_1_22' title="bbox 126 2491 2156 2617; baseline -0.011 -23"><span class='ocrx_word' id='word_1_279' title='bbox 126 2537 188 2617; x_wconf 91' lang='lat' dir='ltr'>pto</span> <span class='ocrx_word' id='word_1_280' title='bbox 204 2519 361 2592; x_wconf 90' lang='lat' dir='ltr'>auctario</span> <span class='ocrx_word' id='word_1_281' title='bbox 377 2513 532 2604; x_wconf 88' lang='lat' dir='ltr'>agendae</span> <span class='ocrx_word' id='word_1_282' title='bbox 548 2521 706 2589; x_wconf 82' lang='lat' dir='ltr'>nostrae,</span> <span class='ocrx_word' id='word_1_283' title='bbox 730 2525 867 2592; x_wconf 87' lang='lat' dir='ltr'>semper</span> <span class='ocrx_word' id='word_1_284' title='bbox 890 2499 928 2568; x_wconf 91' lang='lat' dir='ltr'>in</span> <span class='ocrx_word' id='word_1_285' title='bbox 949 2520 1015 2566; x_wconf 89' lang='lat' dir='ltr'>usu</span> <span class='ocrx_word' id='word_1_286' title='bbox 1038 2495 1117 2582; x_wconf 87' lang='lat' dir='ltr'>fuit,</span> <span class='ocrx_word' id='word_1_287' title='bbox 1169 2497 1375 2588; x_wconf 87' lang='lat' dir='ltr'>ingratiam</span> <span class='ocrx_word' id='word_1_288' title='bbox 1398 2493 1445 2570; x_wconf 87' lang='lat' dir='ltr'>V.</span> <span class='ocrx_word' id='word_1_289' title='bbox 1462 2491 1507 2567; x_wconf 81' lang='lat' dir='ltr'>R.</span> <span class='ocrx_word' id='word_1_290' title='bbox 1528 2497 1587 2588; x_wconf 91' lang='lat' dir='ltr'>pio</span> <span class='ocrx_word' id='word_1_291' title='bbox 1608 2499 1727 2568; x_wconf 90' lang='lat' dir='ltr'>studio</span> <span class='ocrx_word' id='word_1_292' title='bbox 1743 2501 1990 2584; x_wconf 85' lang='lat' dir='ltr'>monentibus,</span> <span class='ocrx_word' id='word_1_293' title='bbox 2016 2503 2156 2593; x_wconf 86' lang='lat' dir='ltr'>paucis-</span> 
     </span>
     <span class='ocr_line' id='line_1_23' title="bbox 124 2598 2156 2718; baseline -0.011 -24"><span class='ocrx_word' id='word_1_294' title='bbox 124 2647 242 2718; x_wconf 85' lang='lat' dir='ltr'>neque</span> <span class='ocrx_word' id='word_1_295' title='bbox 263 2617 332 2690; x_wconf 91' lang='lat' dir='ltr'>hoc</span> <span class='ocrx_word' id='word_1_296' title='bbox 350 2612 520 2707; x_wconf 87' lang='lat' dir='ltr'>temporis</span> <span class='ocrx_word' id='word_1_297' title='bbox 541 2609 697 2701; x_wconf 90' lang='lat' dir='ltr'>legitime</span> <span class='ocrx_word' id='word_1_298' title='bbox 718 2604 886 2676; x_wconf 69' lang='lat' dir='ltr'>abrilitus.</span> <span class='ocrx_word' id='word_1_299' title='bbox 941 2598 1028 2668; x_wconf 88' lang='lat' dir='ltr'>Vult</span> <span class='ocrx_word' id='word_1_300' title='bbox 1052 2623 1117 2668; x_wconf 88' lang='lat' dir='ltr'>au·</span> <span class='ocrx_word' id='word_1_301' title='bbox 1167 2601 1266 2670; x_wconf 89' lang='lat' dir='ltr'>simis</span> <span class='ocrx_word' id='word_1_302' title='bbox 1292 2603 1505 2691; x_wconf 87' lang='lat' dir='ltr'>respondere</span> <span class='ocrx_word' id='word_1_303' title='bbox 1528 2599 1709 2688; x_wconf 80' lang='lat' dir='ltr'>duximus,</span> <span class='ocrx_word' id='word_1_304' title='bbox 1735 2599 1929 2674; x_wconf 90' lang='lat' dir='ltr'>Dominum</span> <span class='ocrx_word' id='word_1_305' title='bbox 1950 2606 2156 2676; x_wconf 85' lang='lat' dir='ltr'>ardentissi-</span> 
     </span>
     <span class='ocr_line' id='line_1_24' title="bbox 124 2697 2156 2816; baseline -0.011 -18"><span class='ocrx_word' id='word_1_306' title='bbox 124 2744 197 2799; x_wconf 89' lang='lat' dir='ltr'>tem</span> <span class='ocrx_word' id='word_1_307' title='bbox 220 2721 401 2816; x_wconf 88' lang='lat' dir='ltr'>apostolus</span> <span class='ocrx_word' id='word_1_308' title='bbox 423 2731 464 2786; x_wconf 91' lang='lat' dir='ltr'>ut</span> <span class='ocrx_word' id='word_1_309' title='bbox 483 2713 604 2784; x_wconf 87' lang='lat' dir='ltr'>omnia</span> <span class='ocrx_word' id='word_1_310' title='bbox 623 2711 787 2778; x_wconf 87' lang='lat' dir='ltr'>decenter</span> <span class='ocrx_word' id='word_1_311' title='bbox 811 2720 846 2775; x_wconf 88' lang='lat' dir='ltr'>et</span> <span class='ocrx_word' id='word_1_312' title='bbox 867 2701 994 2774; x_wconf 89' lang='lat' dir='ltr'>ordine</span> <span class='ocrx_word' id='word_1_313' title='bbox 1019 2697 1116 2774; x_wconf 86' lang='lat' dir='ltr'>liant.</span> <span class='ocrx_word' id='word_1_314' title='bbox 1168 2704 1235 2772; x_wconf 88' lang='lat' dir='ltr'>mis</span> <span class='ocrx_word' id='word_1_315' title='bbox 1262 2703 1423 2792; x_wconf 88' lang='lat' dir='ltr'>precibus</span> <span class='ocrx_word' id='word_1_316' title='bbox 1452 2702 1636 2770; x_wconf 87' lang='lat' dir='ltr'>nobiscum</span> <span class='ocrx_word' id='word_1_317' title='bbox 1668 2721 1870 2795; x_wconf 88' lang='lat' dir='ltr'>precantes,</span> <span class='ocrx_word' id='word_1_318' title='bbox 1903 2719 1943 2776; x_wconf 90' lang='lat' dir='ltr'>ut</span> <span class='ocrx_word' id='word_1_319' title='bbox 1962 2707 2156 2778; x_wconf 67' lang='lat' dir='ltr'>retineam</span> 
     </span>
     <span class='ocr_line' id='line_1_25' title="bbox 120 2800 2155 2922; baseline -0.008 -28"><span class='ocrx_word' id='word_1_320' title='bbox 120 2823 398 2922; x_wconf 82' lang='lat' dir='ltr'>Expectavimus</span> <span class='ocrx_word' id='word_1_321' title='bbox 412 2819 521 2908; x_wconf 89' lang='lat' dir='ltr'>igitur</span> <span class='ocrx_word' id='word_1_322' title='bbox 536 2809 717 2903; x_wconf 89' lang='lat' dir='ltr'>hucusque</span> <span class='ocrx_word' id='word_1_323' title='bbox 739 2823 843 2899; x_wconf 88' lang='lat' dir='ltr'>atquc</span> <span class='ocrx_word' id='word_1_324' title='bbox 862 2802 968 2872; x_wconf 88' lang='lat' dir='ltr'>semel</span> <span class='ocrx_word' id='word_1_325' title='bbox 994 2814 1029 2871; x_wconf 90' lang='lat' dir='ltr'>et</span> <span class='ocrx_word' id='word_1_326' title='bbox 1049 2800 1116 2872; x_wconf 88' lang='lat' dir='ltr'>ite·</span> <span class='ocrx_word' id='word_1_327' title='bbox 1168 2828 1256 2894; x_wconf 86' lang='lat' dir='ltr'>pura</span> <span class='ocrx_word' id='word_1_328' title='bbox 1272 2805 1369 2873; x_wconf 88' lang='lat' dir='ltr'>verbi</span> <span class='ocrx_word' id='word_1_329' title='bbox 1387 2800 1454 2872; x_wconf 88' lang='lat' dir='ltr'>Dei</span> <span class='ocrx_word' id='word_1_330' title='bbox 1471 2804 1652 2884; x_wconf 89' lang='lat' dir='ltr'>doctrina,</span> <span class='ocrx_word' id='word_1_331' title='bbox 1680 2819 1716 2875; x_wconf 89' lang='lat' dir='ltr'>et</span> <span class='ocrx_word' id='word_1_332' title='bbox 1733 2806 1771 2875; x_wconf 90' lang='lat' dir='ltr'>in</span> <span class='ocrx_word' id='word_1_333' title='bbox 1788 2807 1932 2876; x_wconf 86' lang='lat' dir='ltr'>ecclesia</span> <span class='ocrx_word' id='word_1_334' title='bbox 1955 2811 2155 2880; x_wconf 88' lang='lat' dir='ltr'>concordia.</span> 
     </span>
     <span class='ocr_line' id='line_1_26' title="bbox 121 2900 2152 3020; baseline -0.013 -18"><span class='ocrx_word' id='word_1_335' title='bbox 121 2956 205 3003; x_wconf 88' lang='lat' dir='ltr'>rum</span> <span class='ocrx_word' id='word_1_336' title='bbox 226 2923 432 3020; x_wconf 87' lang='lat' dir='ltr'>petivimus,</span> <span class='ocrx_word' id='word_1_337' title='bbox 456 2913 692 2989; x_wconf 87' lang='lat' dir='ltr'>universalem</span> <span class='ocrx_word' id='word_1_338' title='bbox 717 2909 814 2978; x_wconf 87' lang='lat' dir='ltr'>verbi</span> <span class='ocrx_word' id='word_1_339' title='bbox 839 2905 905 2976; x_wconf 90' lang='lat' dir='ltr'>Dei</span> <span class='ocrx_word' id='word_1_340' title='bbox 930 2901 1114 2972; x_wconf 89' lang='lat' dir='ltr'>ministru—</span> <span class='ocrx_word' id='word_1_341' title='bbox 1173 2905 1292 2973; x_wconf 80' lang='lat' dir='ltr'>Valete</span> <span class='ocrx_word' id='word_1_342' title='bbox 1315 2905 1354 2972; x_wconf 90' lang='lat' dir='ltr'>in</span> <span class='ocrx_word' id='word_1_343' title='bbox 1376 2900 1519 2975; x_wconf 90' lang='lat' dir='ltr'>Christo</span> <span class='ocrx_word' id='word_1_344' title='bbox 1543 2905 1756 2981; x_wconf 87' lang='lat' dir='ltr'>felicissime.</span> <span class='ocrx_word' id='word_1_345' title='bbox 1807 2903 1876 2978; x_wconf 88' lang='lat' dir='ltr'>Die</span> <span class='ocrx_word' id='word_1_346' title='bbox 1891 2910 1951 2979; x_wconf 80' lang='lat'>21.</span> <span class='ocrx_word' id='word_1_347' title='bbox 1967 2908 2152 2980; x_wconf 86' lang='lat' dir='ltr'>Februarii</span> 
     </span>
     <span class='ocr_line' id='line_1_27' title="bbox 121 3001 1353 3105; baseline -0.012 -12"><span class='ocrx_word' id='word_1_348' title='bbox 121 3057 206 3105; x_wconf 73' lang='lat' dir='ltr'>rum</span> <span class='ocrx_word' id='word_1_349' title='bbox 230 3029 393 3100; x_wconf 83' lang='lat' dir='ltr'>usitatam</span> <span class='ocrx_word' id='word_1_350' title='bbox 418 3017 725 3095; x_wconf 84' lang='lat' dir='ltr'>convocationem,</span> <span class='ocrx_word' id='word_1_351' title='bbox 763 3033 852 3102; x_wconf 88' lang='lat' dir='ltr'>quae</span> <span class='ocrx_word' id='word_1_352' title='bbox 875 3029 948 3076; x_wconf 89' lang='lat' dir='ltr'>uno</span> <span class='ocrx_word' id='word_1_353' title='bbox 972 3027 1033 3074; x_wconf 89' lang='lat' dir='ltr'>ore</span> <span class='ocrx_word' id='word_1_354' title='bbox 1052 3006 1116 3072; x_wconf 91' lang='lat' dir='ltr'>de-</span> <span class='ocrx_word' id='word_1_355' title='bbox 1168 3031 1224 3076; x_wconf 86' lang='lat' dir='ltr'>an.</span> <span class='ocrx_word' id='word_1_356' title='bbox 1244 3001 1353 3082; x_wconf 81' lang='lat'><strong>1556.</strong></span> 
     </span>
    </p>
   </div>
   <div class='ocr_carea' id='block_1_3' title="bbox 120 3104 2157 3938">
    <p class='ocr_par' dir='ltr' id='par_1_3' title="bbox 122 3104 1873 3222">
     <span class='ocr_line' id='line_1_28' title="bbox 122 3104 1873 3222; baseline -0.023 -16"><span class='ocrx_word' id='word_1_357' title='bbox 122 3145 303 3214; x_wconf 86' lang='lat' dir='ltr'>cerneret,</span> <span class='ocrx_word' id='word_1_358' title='bbox 328 3127 413 3222; x_wconf 87' lang='lat' dir='ltr'>quid</span> <span class='ocrx_word' id='word_1_359' title='bbox 437 3121 638 3194; x_wconf 88' lang='lat' dir='ltr'>faciendum</span> <span class='ocrx_word' id='word_1_360' title='bbox 660 3128 694 3184; x_wconf 85' lang='lat' dir='ltr'>et</span> <span class='ocrx_word' id='word_1_361' title='bbox 715 3135 821 3204; x_wconf 92' lang='lat' dir='ltr'>porro</span> <span class='ocrx_word' id='word_1_362' title='bbox 847 3110 885 3178; x_wconf 91' lang='lat' dir='ltr'>in</span> <span class='ocrx_word' id='word_1_363' title='bbox 905 3104 1113 3176; x_wconf 87' lang='lat' dir='ltr'>ceremoniis</span> <span class='ocrx_word' id='word_1_364' title='bbox 1447 3123 1491 3200; x_wconf 48' lang='lat' dir='ltr'>v·</span> <span class='ocrx_word' id='word_1_365' title='bbox 1506 3122 1552 3200; x_wconf 45' lang='lat' dir='ltr'>R·</span> <span class='ocrx_word' id='word_1_366' title='bbox 1570 3125 1873 3199; x_wconf 54' lang='lat' dir='ltr'>observamfffimg</span> 
     </span>
    </p>

    <p class='ocr_par' dir='ltr' id='par_1_4' title="bbox 122 3214 2156 3418">
     <span class='ocr_line' id='line_1_29' title="bbox 122 3214 2156 3336; baseline -0.002 -23"><span class='ocrx_word' id='word_1_367' title='bbox 122 3235 339 3308; x_wconf 85' lang='lat' dir='ltr'>mutandum</span> <span class='ocrx_word' id='word_1_368' title='bbox 354 3239 461 3311; x_wconf 62' lang='lat' dir='ltr'>mel,</span> <span class='ocrx_word' id='word_1_369' title='bbox 487 3246 568 3293; x_wconf 72' lang='lat'>⁰⁰¹⁰</span> <span class='ocrx_word' id='word_1_370' title='bbox 589 3214 794 3336; x_wconf 53' lang='lat' dir='ltr'>h⁰⁰JP⁵⁰¹¹¹</span> <span class='ocrx_word' id='word_1_371' title='bbox 818 3223 1017 3301; x_wconf 58' lang='grc' dir='ltr'>θυεερ1)ωηι</span> <span class='ocrx_word' id='word_1_372' title='bbox 1039 3229 1113 3324; x_wconf 69' lang='lat'>¹¹⁰¹}</span> <span class='ocrx_word' id='word_1_373' title='bbox 1370 3221 1616 3300; x_wconf 81' lang='lat' dir='ltr'>Sebastianus</span> <span class='ocrx_word' id='word_1_374' title='bbox 1631 3225 1808 3301; x_wconf 84' lang='lat' dir='ltr'>Stillerus</span> <span class='ocrx_word' id='word_1_375' title='bbox 1851 3231 1977 3304; x_wconf 88' lang='lat' dir='ltr'>Pastor</span> <span class='ocrx_word' id='word_1_376' title='bbox 1997 3233 2156 3309; x_wconf 88' lang='lat' dir='ltr'>etDeca-</span> 
     </span>
     <span class='ocr_line' id='line_1_30' title="bbox 123 3288 1975 3418; baseline -0.022 -8"><span class='ocrx_word' id='word_1_377' title='bbox 123 3340 172 3410; x_wconf 85' lang='lat' dir='ltr'>sit</span> <span class='ocrx_word' id='word_1_378' title='bbox 196 3335 322 3418; x_wconf 88' lang='lat' dir='ltr'>unius,</span> <span class='ocrx_word' id='word_1_379' title='bbox 355 3331 508 3400; x_wconf 88' lang='lat' dir='ltr'>duorum</span> <span class='ocrx_word' id='word_1_380' title='bbox 534 3335 595 3393; x_wconf 91' lang='lat' dir='ltr'>aut</span> <span class='ocrx_word' id='word_1_381' title='bbox 627 3333 734 3390; x_wconf 89' lang='lat' dir='ltr'>trrum</span> <span class='ocrx_word' id='word_1_382' title='bbox 758 3314 895 3407; x_wconf 91' lang='lat' dir='ltr'>(utpote</span> <span class='ocrx_word' id='word_1_383' title='bbox 919 3311 1113 3380; x_wconf 81' lang='lat' dir='ltr'>veneranda</span> <span class='ocrx_word' id='word_1_384' title='bbox 1523 3353 1591 3400; x_wconf 64' lang='lat' dir='ltr'>nus</span> <span class='ocrx_word' id='word_1_385' title='bbox 1609 3332 1645 3398; x_wconf 64' lang='lat'>5„</span> <span class='ocrx_word' id='word_1_386' title='bbox 1666 3288 1975 3406; x_wconf 43' lang='lat' dir='ltr'><strong>Gunczesshausen</strong></span> 
     </span>
    </p>

    <p class='ocr_par' dir='ltr' id='par_1_5' title="bbox 120 3388 2157 3839">
     <span class='ocr_line' id='line_1_31' title="bbox 121 3388 2115 3528; baseline -0.006 -9"><span class='ocrx_word' id='word_1_387' title='bbox 121 3440 196 3512; x_wconf 76' lang='lat' dir='ltr'>viri</span> <span class='ocrx_word' id='word_1_388' title='bbox 228 3427 455 3525; x_wconf 66' lang='grc' dir='ltr'>Μιθθθΐὸἷῖ</span> <span class='ocrx_word' id='word_1_389' title='bbox 474 3419 622 3517; x_wconf 61' lang='lat' dir='ltr'>Kaldii</span> <span class='ocrx_word' id='word_1_390' title='bbox 642 3415 810 3511; x_wconf 66' lang='lat' dir='ltr'>Ell⁸⁰⁰l⁹l</span> <span class='ocrx_word' id='word_1_391' title='bbox 835 3410 1114 3486; x_wconf 67' lang='lat' dir='ltr'>0⁰⁰¹2b³ffl¹³l⁵</span> <span class='ocrx_word' id='word_1_392' title='bbox 1370 3425 1554 3528; x_wconf 81' lang='lat' dir='ltr'>Georgius</span> <span class='ocrx_word' id='word_1_393' title='bbox 1577 3426 1765 3527; x_wconf 75' lang='lat' dir='ltr'>Schlogels</span> <span class='ocrx_word' id='word_1_394' title='bbox 1807 3388 2028 3510; x_wconf 49' lang='lat' dir='ltr'>Decanuset</span> <span class='ocrx_word' id='word_1_395' title='bbox 2077 3463 2115 3508; x_wconf 87' lang='lat' dir='ltr'>ar</span> 
     </span>
     <span class='ocr_line' id='line_1_32' title="bbox 120 3463 2157 3636; baseline -0.015 -24"><span class='ocrx_word' id='word_1_396' title='bbox 120 3557 232 3636; x_wconf 85' lang='lat' dir='ltr'>atque</span> <span class='ocrx_word' id='word_1_397' title='bbox 255 3539 330 3608; x_wconf 90' lang='lat' dir='ltr'>eius</span> <span class='ocrx_word' id='word_1_398' title='bbox 350 3531 513 3604; x_wconf 87' lang='lat' dir='ltr'>ecclesiae</span> <span class='ocrx_word' id='word_1_399' title='bbox 529 3517 760 3614; x_wconf 79' lang='lat' dir='ltr'>collegarum)</span> <span class='ocrx_word' id='word_1_400' title='bbox 781 3519 842 3589; x_wconf 87' lang='lat' dir='ltr'>sed</span> <span class='ocrx_word' id='word_1_401' title='bbox 866 3514 1025 3610; x_wconf 90' lang='lat' dir='ltr'>plurium</span> <span class='ocrx_word' id='word_1_402' title='bbox 1047 3514 1113 3582; x_wconf 90' lang='lat' dir='ltr'>do-</span> <span class='ocrx_word' id='word_1_403' title='bbox 1469 3531 1557 3607; x_wconf 66' lang='lat' dir='ltr'>chu,</span> <span class='ocrx_word' id='word_1_404' title='bbox 1575 3491 1973 3610; x_wconf 54' lang='lat' dir='ltr'>invvffiff&#39;mhenffin</span> <span class='ocrx_word' id='word_1_405' title='bbox 1999 3565 2017 3610; x_wconf 60' lang='lat' dir='ltr'>e</span> <span class='ocrx_word' id='word_1_406' title='bbox 2051 3463 2074 3532; x_wconf 70' lang='lat' dir='ltr'>p</span> <span class='ocrx_word' id='word_1_407' title='bbox 2116 3465 2157 3509; x_wconf 49' lang='grc' dir='ltr'>ο·</span> 
     </span>
     <span class='ocr_line' id='line_1_33' title="bbox 120 3563 2055 3722; baseline -0.021 -6"><span class='ocrx_word' id='word_1_408' title='bbox 120 3657 265 3717; x_wconf 87' lang='lat' dir='ltr'>ctorum</span> <span class='ocrx_word' id='word_1_409' title='bbox 281 3633 468 3708; x_wconf 91' lang='lat' dir='ltr'>hominum</span> <span class='ocrx_word' id='word_1_410' title='bbox 485 3654 575 3722; x_wconf 93' lang='lat' dir='ltr'>opus</span> <span class='ocrx_word' id='word_1_411' title='bbox 589 3625 852 3719; x_wconf 87' lang='lat' dir='ltr'>perficiendum.</span> <span class='ocrx_word' id='word_1_412' title='bbox 902 3617 992 3690; x_wconf 87' lang='lat' dir='ltr'>Nam</span> <span class='ocrx_word' id='word_1_413' title='bbox 1016 3627 1052 3686; x_wconf 94' lang='lat' dir='ltr'>et</span> <span class='ocrx_word' id='word_1_414' title='bbox 1069 3617 1114 3684; x_wconf 89' lang='lat' dir='ltr'>ab</span> <span class='ocrx_word' id='word_1_415' title='bbox 1977 3563 2055 3631; x_wconf 59' lang='grc' dir='ltr'>μ’</span> 
     </span>
     <span class='ocr_line' id='line_1_34' title="bbox 120 3713 1113 3839; baseline -0.024 -21"><span class='ocrx_word' id='word_1_416' title='bbox 120 3741 297 3839; x_wconf 84' lang='lat' dir='ltr'>apostolis</span> <span class='ocrx_word' id='word_1_417' title='bbox 317 3735 413 3809; x_wconf 92' lang='lat' dir='ltr'>hunc</span> <span class='ocrx_word' id='word_1_418' title='bbox 433 3756 567 3804; x_wconf 92' lang='lat' dir='ltr'>morem</span> <span class='ocrx_word' id='word_1_419' title='bbox 590 3729 813 3800; x_wconf 86' lang='lat' dir='ltr'>observatum</span> <span class='ocrx_word' id='word_1_420' title='bbox 835 3721 941 3792; x_wconf 86' lang='lat' dir='ltr'>luisse</span> <span class='ocrx_word' id='word_1_421' title='bbox 957 3713 1036 3790; x_wconf 80' lang='lat' dir='ltr'>Act.</span> <span class='ocrx_word' id='word_1_422' title='bbox 1056 3713 1113 3794; x_wconf 83' lang='lat'>15.</span> 
     </span>
    </p>

    <p class='ocr_par' dir='ltr' id='par_1_6' title="bbox 121 3813 1113 3938">
     <span class='ocr_line' id='line_1_35' title="bbox 121 3813 1113 3938; baseline -0.031 -19"><span class='ocrx_word' id='word_1_423' title='bbox 121 3848 298 3938; x_wconf 86' lang='lat' dir='ltr'>legimus,</span> <span class='ocrx_word' id='word_1_424' title='bbox 322 3853 357 3912; x_wconf 87' lang='lat' dir='ltr'>et</span> <span class='ocrx_word' id='word_1_425' title='bbox 372 3859 490 3922; x_wconf 92' lang='lat' dir='ltr'>nunc,</span> <span class='ocrx_word' id='word_1_426' title='bbox 515 3831 626 3924; x_wconf 86' lang='lat' dir='ltr'>gratia</span> <span class='ocrx_word' id='word_1_427' title='bbox 642 3827 729 3913; x_wconf 93' lang='lat' dir='ltr'>Dci,</span> <span class='ocrx_word' id='word_1_428' title='bbox 755 3823 878 3896; x_wconf 90' lang='lat' dir='ltr'>multis</span> <span class='ocrx_word' id='word_1_429' title='bbox 899 3821 1004 3893; x_wconf 89' lang='lat' dir='ltr'>annis</span> <span class='ocrx_word' id='word_1_430' title='bbox 1026 3813 1113 3890; x_wconf 91' lang='lat' dir='ltr'>haec</span> 
     </span>
    </p>
   </div>
   <div class='ocr_carea' id='block_1_4' title="bbox 125 3927 1362 4133">
    <p class='ocr_par' dir='ltr' id='par_1_7' title="bbox 125 3927 1362 4133">
     <span class='ocr_line' id='line_1_36' title="bbox 125 3927 1362 4040; baseline -0.033 -19"><span class='ocrx_word' id='word_1_431' title='bbox 125 3945 319 4020; x_wconf 87' lang='lat' dir='ltr'>christiana</span> <span class='ocrx_word' id='word_1_432' title='bbox 346 3953 382 4012; x_wconf 90' lang='lat' dir='ltr'>et</span> <span class='ocrx_word' id='word_1_433' title='bbox 404 3934 594 4040; x_wconf 82' lang='lat' dir='ltr'>laudabilis</span> <span class='ocrx_word' id='word_1_434' title='bbox 619 3929 838 4002; x_wconf 88' lang='lat' dir='ltr'>consuetudo</span> <span class='ocrx_word' id='word_1_435' title='bbox 852 3927 1055 4006; x_wconf 86' lang='lat' dir='ltr'>observata,</span> <span class='ocrx_word' id='word_1_436' title='bbox 1080 3933 1114 3989; x_wconf 91' lang='lat' dir='ltr'>et</span> <span class='ocrx_word' id='word_1_437' title='bbox 1168 3944 1232 4018; x_wconf 47' lang='lat' dir='ltr'>No·</span> <span class='ocrx_word' id='word_1_438' title='bbox 1247 3937 1362 4018; x_wconf 75' lang='lat'><strong>5744.</strong></span> 
     </span>
     <span class='ocr_line' id='line_1_37' title="bbox 128 4020 1346 4133; baseline -0.033 -11"><span class='ocrx_word' id='word_1_439' title='bbox 128 4052 169 4120; x_wconf 89' lang='lat' dir='ltr'>in</span> <span class='ocrx_word' id='word_1_440' title='bbox 182 4051 290 4133; x_wconf 87' lang='lat' dir='ltr'>flore,</span> <span class='ocrx_word' id='word_1_441' title='bbox 315 4046 427 4114; x_wconf 88' lang='lat' dir='ltr'>ferme</span> <span class='ocrx_word' id='word_1_442' title='bbox 443 4041 480 4108; x_wconf 91' lang='lat' dir='ltr'>iu</span> <span class='ocrx_word' id='word_1_443' title='bbox 504 4036 670 4108; x_wconf 89' lang='lat' dir='ltr'>omuibus</span> <span class='ocrx_word' id='word_1_444' title='bbox 694 4027 905 4119; x_wconf 88' lang='lat' dir='ltr'>evangelicis</span> <span class='ocrx_word' id='word_1_445' title='bbox 927 4022 1015 4092; x_wconf 90' lang='lat' dir='ltr'>locis</span> <span class='ocrx_word' id='word_1_446' title='bbox 1035 4020 1114 4101; x_wconf 92' lang='lat' dir='ltr'>fuit,</span> <span class='ocrx_word' id='word_1_447' title='bbox 1173 4037 1346 4070; x_wconf 57' lang='lat' dir='ltr'>w*</span> 
     </span>
    </p>
   </div>
   <div class='ocr_carea' id='block_1_5' title="bbox 12 4122 1848 4428">
    <p class='ocr_par' dir='ltr' id='par_1_8' title="bbox 12 4122 1848 4428">
     <span class='ocr_line' id='line_1_38' title="bbox 12 4122 1796 4229; baseline -0.033 -5"><span class='ocrx_word' id='word_1_448' title='bbox 12 4219 13 4224; x_wconf 75' lang='grc'>,</span> <span class='ocrx_word' id='word_1_449' title='bbox 131 4151 221 4222; x_wconf 91' lang='lat' dir='ltr'>utin</span> <span class='ocrx_word' id='word_1_450' title='bbox 234 4147 408 4228; x_wconf 78' lang='lat' dir='ltr'>Saxonis,</span> <span class='ocrx_word' id='word_1_451' title='bbox 432 4133 613 4217; x_wconf 79' lang='lat' dir='ltr'>Matthia,</span> <span class='ocrx_word' id='word_1_452' title='bbox 638 4130 762 4204; x_wconf 88' lang='lat' dir='ltr'>Hessia</span> <span class='ocrx_word' id='word_1_453' title='bbox 769 4181 782 4215; x_wconf 89' lang='lat'>,</span> <span class='ocrx_word' id='word_1_454' title='bbox 809 4125 1010 4198; x_wconf 89' lang='lat' dir='ltr'>Palatinatu</span> <span class='ocrx_word' id='word_1_455' title='bbox 1024 4135 1059 4192; x_wconf 92' lang='lat' dir='ltr'>et</span> <span class='ocrx_word' id='word_1_456' title='bbox 1076 4122 1114 4190; x_wconf 90' lang='lat' dir='ltr'>in</span> <span class='ocrx_word' id='word_1_457' title='bbox 1517 4137 1587 4226; x_wconf 72' lang='lat' dir='ltr'><em>M</em></span> <span class='ocrx_word' id='word_1_458' title='bbox 1618 4139 1796 4229; x_wconf 66' lang='lat' dir='ltr'><strong><em>comm</em></strong></span> 
     </span>
     <span class='ocr_line' id='line_1_39' title="bbox 129 4206 1806 4325; baseline -0.035 0"><span class='ocrx_word' id='word_1_459' title='bbox 129 4247 384 4325; x_wconf 83' lang='lat' dir='ltr'>Illarehiouum</span> <span class='ocrx_word' id='word_1_460' title='bbox 398 4240 651 4315; x_wconf 88' lang='lat' dir='ltr'>Dioecocsibos</span> <span class='ocrx_word' id='word_1_461' title='bbox 666 4247 731 4308; x_wconf 88' lang='lat' dir='ltr'>etc.</span> <span class='ocrx_word' id='word_1_462' title='bbox 743 4231 806 4304; x_wconf 93' lang='lat' dir='ltr'>nbi</span> <span class='ocrx_word' id='word_1_463' title='bbox 819 4225 1115 4318; x_wconf 89' lang='lat' dir='ltr'>superintendcn·</span> <span class='ocrx_word' id='word_1_464' title='bbox 1798 4206 1806 4223; x_wconf 81' lang='lat'>⁸</span> 
     </span>
     <span class='ocr_line' id='line_1_40' title="bbox 126 4315 1848 4428; baseline -0.03 -2"><span class='ocrx_word' id='word_1_465' title='bbox 126 4371 181 4426; x_wconf 88' lang='lat' dir='ltr'>tes</span> <span class='ocrx_word' id='word_1_466' title='bbox 195 4352 333 4428; x_wconf 89' lang='lat' dir='ltr'>Decani</span> <span class='ocrx_word' id='word_1_467' title='bbox 352 4362 387 4420; x_wconf 91' lang='lat' dir='ltr'>et</span> <span class='ocrx_word' id='word_1_468' title='bbox 408 4345 470 4416; x_wconf 88' lang='lat' dir='ltr'>alii</span> <span class='ocrx_word' id='word_1_469' title='bbox 487 4341 583 4414; x_wconf 89' lang='lat' dir='ltr'>docti</span> <span class='ocrx_word' id='word_1_470' title='bbox 606 4337 694 4424; x_wconf 89' lang='lat' dir='ltr'>viri,</span> <span class='ocrx_word' id='word_1_471' title='bbox 718 4333 782 4406; x_wconf 92' lang='lat' dir='ltr'>uni</span> <span class='ocrx_word' id='word_1_472' title='bbox 804 4329 952 4419; x_wconf 87' lang='lat' dir='ltr'>collegio</span> <span class='ocrx_word' id='word_1_473' title='bbox 973 4324 1117 4410; x_wconf 90' lang='lat' dir='ltr'>addicti,</span> <span class='ocrx_word' id='word_1_474' title='bbox 1236 4320 1316 4394; x_wconf 63' lang='lat' dir='ltr'>‘effi</span> <span class='ocrx_word' id='word_1_475' title='bbox 1334 4337 1428 4394; x_wconf 64' lang='lat' dir='ltr'>trost·</span> <span class='ocrx_word' id='word_1_476' title='bbox 1446 4319 1474 4374; x_wconf 71' lang='lat' dir='ltr'>ln</span> <span class='ocrx_word' id='word_1_477' title='bbox 1493 4317 1556 4376; x_wconf 62' lang='grc' dir='ltr'>ωδ·</span> <span class='ocrx_word' id='word_1_478' title='bbox 1575 4317 1662 4376; x_wconf 73' lang='lat' dir='ltr'>Peri·-</span> <span class='ocrx_word' id='word_1_479' title='bbox 1679 4315 1716 4374; x_wconf 81' lang='lat' dir='ltr'>D·</span> <span class='ocrx_word' id='word_1_480' title='bbox 1734 4315 1767 4372; x_wconf 81' lang='lat'>1..</span> <span class='ocrx_word' id='word_1_481' title='bbox 1786 4319 1819 4372; x_wconf 79' lang='grc'>51</span> <span class='ocrx_word' id='word_1_482' title='bbox 1827 4319 1848 4374; x_wconf 83' lang='lat'>⁸.</span> 
     </span>
    </p>
   </div>
   <div class='ocr_carea' id='block_1_6' title="bbox 126 4429 2170 4631">
    <p class='ocr_par' dir='ltr' id='par_1_9' title="bbox 126 4429 2170 4631">
     <span class='ocr_line' id='line_1_41' title="bbox 126 4429 2170 4570; baseline -0.037 -40"><span class='ocrx_word' id='word_1_483' title='bbox 126 4454 314 4530; x_wconf 84' lang='lat' dir='ltr'>convocati</span> <span class='ocrx_word' id='word_1_484' title='bbox 331 4453 490 4570; x_wconf 75' lang='lat' dir='ltr'>fuerunt.</span> <span class='ocrx_word' id='word_1_485' title='bbox 542 4441 649 4562; x_wconf 72' lang='lat' dir='ltr'>Quod</span> <span class='ocrx_word' id='word_1_486' title='bbox 670 4437 814 4556; x_wconf 79' lang='lat' dir='ltr'>quidem</span> <span class='ocrx_word' id='word_1_487' title='bbox 826 4429 1064 4552; x_wconf 40' lang='lat' dir='ltr'>&#39;commodum</span> <span class='ocrx_word' id='word_1_488' title='bbox 1083 4437 1118 4496; x_wconf 91' lang='lat' dir='ltr'>et</span> <span class='ocrx_word' id='word_1_489' title='bbox 1169 4469 1426 4549; x_wconf 47' lang='lat' dir='ltr'>Malthace</span> <span class='ocrx_word' id='word_1_490' title='bbox 1453 4463 1646 4546; x_wconf 58' lang='lat' dir='ltr'><em>Colum,</em></span> <span class='ocrx_word' id='word_1_491' title='bbox 1670 4471 1709 4542; x_wconf 54' lang='lat' dir='ltr'>in</span> <span class='ocrx_word' id='word_1_492' title='bbox 1732 4465 1934 4543; x_wconf 52' lang='lat' dir='ltr'><em>Academia</em></span> <span class='ocrx_word' id='word_1_493' title='bbox 1963 4465 2040 4544; x_wconf 65' lang='lat' dir='ltr'>pm</span> <span class='ocrx_word' id='word_1_494' title='bbox 2141 4478 2170 4496; x_wconf 86' lang='lat'>..</span> 
     </span>
     <span class='ocr_line' id='line_1_42' title="bbox 127 4497 2157 4631; baseline -0.037 0"><span class='ocrx_word' id='word_1_495' title='bbox 127 4561 175 4631; x_wconf 89' lang='lat' dir='ltr'>ad</span> <span class='ocrx_word' id='word_1_496' title='bbox 198 4556 426 4628; x_wconf 73' lang='lat' dir='ltr'>concordiam</span> <span class='ocrx_word' id='word_1_497' title='bbox 457 4547 682 4618; x_wconf 88' lang='lat' dir='ltr'>ccclesrarum</span> <span class='ocrx_word' id='word_1_498' title='bbox 707 4539 937 4612; x_wconf 81' lang='lat' dir='ltr'>uulrssrmum</span> <span class='ocrx_word' id='word_1_499' title='bbox 960 4531 1117 4600; x_wconf 74' lang='lat' dir='ltr'>medium</span> <span class='ocrx_word' id='word_1_500' title='bbox 2039 4497 2157 4572; x_wconf 73' lang='lat' dir='ltr'>genet.</span> 
     </span>
    </p>
   </div>
   <div class='ocr_carea' id='block_1_7' title="bbox 14 4616 2159 4834">
    <p class='ocr_par' dir='ltr' id='par_1_10' title="bbox 14 4616 2159 4834">
     <span class='ocr_line' id='line_1_43' title="bbox 128 4616 2159 4733; baseline -0.017 1"><span class='ocrx_word' id='word_1_501' title='bbox 128 4659 308 4733; x_wconf 86' lang='lat' dir='ltr'>duciums.</span> <span class='ocrx_word' id='word_1_502' title='bbox 358 4653 440 4726; x_wconf 90' lang='lat' dir='ltr'>Non</span> <span class='ocrx_word' id='word_1_503' title='bbox 457 4649 554 4720; x_wconf 88' lang='lat' dir='ltr'>enim</span> <span class='ocrx_word' id='word_1_504' title='bbox 575 4658 713 4718; x_wconf 86' lang='lat' dir='ltr'>tautum</span> <span class='ocrx_word' id='word_1_505' title='bbox 736 4641 775 4710; x_wconf 89' lang='lat' dir='ltr'>iu</span> <span class='ocrx_word' id='word_1_506' title='bbox 798 4638 871 4710; x_wconf 90' lang='lat' dir='ltr'>ritu</span> <span class='ocrx_word' id='word_1_507' title='bbox 895 4631 1040 4706; x_wconf 89' lang='lat' dir='ltr'>levandi</span> <span class='ocrx_word' id='word_1_508' title='bbox 1064 4653 1120 4702; x_wconf 89' lang='lat' dir='ltr'>sa·</span> <span class='ocrx_word' id='word_1_509' title='bbox 1172 4616 1221 4706; x_wconf 82' lang='lat' dir='ltr'>S.</span> <span class='ocrx_word' id='word_1_510' title='bbox 1245 4623 1289 4698; x_wconf 85' lang='lat' dir='ltr'>D.</span> <span class='ocrx_word' id='word_1_511' title='bbox 1345 4623 1547 4698; x_wconf 85' lang='lat' dir='ltr'>Clarissime</span> <span class='ocrx_word' id='word_1_512' title='bbox 1575 4623 1632 4694; x_wconf 89' lang='lat' dir='ltr'>vir</span> <span class='ocrx_word' id='word_1_513' title='bbox 1660 4636 1696 4696; x_wconf 92' lang='lat' dir='ltr'>et</span> <span class='ocrx_word' id='word_1_514' title='bbox 1727 4622 1845 4696; x_wconf 81' lang='lat' dir='ltr'>caries.</span> <span class='ocrx_word' id='word_1_515' title='bbox 1868 4623 1988 4702; x_wconf 86' lang='lat' dir='ltr'>freter.</span> <span class='ocrx_word' id='word_1_516' title='bbox 2046 4624 2159 4722; x_wconf 87' lang='lat' dir='ltr'>Saepe</span> 
     </span>
     <span class='ocr_line' id='line_1_44' title="bbox 14 4725 1587 4834; baseline -0.026 2"><span class='ocrx_word' id='word_1_517' title='bbox 14 4777 20 4823; x_wconf 72' lang='grc' dir='ltr'><strong>ἱ</strong></span> <span class='ocrx_word' id='word_1_518' title='bbox 129 4758 304 4834; x_wconf 86' lang='lat' dir='ltr'>eramenti</span> <span class='ocrx_word' id='word_1_519' title='bbox 321 4755 428 4828; x_wconf 82' lang='lat' dir='ltr'>divisi</span> <span class='ocrx_word' id='word_1_520' title='bbox 444 4771 586 4832; x_wconf 85' lang='lat' dir='ltr'>sumus,</span> <span class='ocrx_word' id='word_1_521' title='bbox 611 4768 735 4816; x_wconf 88' lang='lat' dir='ltr'>verum</span> <span class='ocrx_word' id='word_1_522' title='bbox 753 4755 851 4814; x_wconf 87' lang='lat' dir='ltr'>tantu</span> <span class='ocrx_word' id='word_1_523' title='bbox 868 4750 921 4808; x_wconf 91' lang='lat' dir='ltr'>est</span> <span class='ocrx_word' id='word_1_524' title='bbox 936 4733 1122 4806; x_wconf 80' lang='lat' dir='ltr'>diversitas</span> <span class='ocrx_word' id='word_1_525' title='bbox 1174 4725 1587 4802; x_wconf 76' lang='lat' dir='ltr'>bosvcrsiculosrecitos</span> 
     </span>
    </p>
   </div>
   <div class='ocr_carea' id='block_1_8' title="bbox 12 4838 2062 5158">
    <p class='ocr_par' dir='ltr' id='par_1_11' title="bbox 12 4834 2062 5158">
     <span class='ocr_line' id='line_1_45' title="bbox 129 4838 1941 4960; baseline -0.018 -28.123"><span class='ocrx_word' id='word_1_526' title='bbox 129 4881 241 4960; x_wconf 81' lang='lat' dir='ltr'>atque</span> <span class='ocrx_word' id='word_1_527' title='bbox 260 4855 515 4930; x_wconf 88' lang='lat' dir='ltr'>dissimilitudo</span> <span class='ocrx_word' id='word_1_528' title='bbox 537 4845 817 4920; x_wconf 86' lang='lat' dir='ltr'>ceremoniarum</span> <span class='ocrx_word' id='word_1_529' title='bbox 849 4853 884 4911; x_wconf 91' lang='lat' dir='ltr'>et</span> <span class='ocrx_word' id='word_1_530' title='bbox 906 4838 1041 4953; x_wconf 83' lang='lat' dir='ltr'>rituum</span> <span class='ocrx_word' id='word_1_531' title='bbox 1057 4855 1121 4952; x_wconf 32' lang='lat' dir='ltr'>‘eo-</span> <span class='ocrx_word' id='word_1_532' title='bbox 1224 4871 1277 4938; x_wconf 84' lang='lat' dir='ltr'>Nil</span> <span class='ocrx_word' id='word_1_533' title='bbox 1296 4893 1382 4950; x_wconf 53' lang='lat' dir='ltr'>mm,</span> <span class='ocrx_word' id='word_1_534' title='bbox 1408 4843 1941 4931; x_wconf 59' lang='lat' dir='ltr'>,u11,m;„&#39;,„0,1,01„5,mmm</span> 
     </span>
     <span class='ocr_line' id='line_1_46' title="bbox 132 4939 2062 5082; baseline -0.004 -44"><span class='ocrx_word' id='word_1_535' title='bbox 132 4963 428 5082; x_wconf 76' lang='lat' dir='ltr'>clesiasticorum,</span> <span class='ocrx_word' id='word_1_536' title='bbox 452 4957 562 5026; x_wconf 93' lang='lat' dir='ltr'>ferme</span> <span class='ocrx_word' id='word_1_537' title='bbox 579 4951 617 5020; x_wconf 92' lang='lat' dir='ltr'>in</span> <span class='ocrx_word' id='word_1_538' title='bbox 632 4945 800 5018; x_wconf 86' lang='lat' dir='ltr'>omnibus</span> <span class='ocrx_word' id='word_1_539' title='bbox 819 4939 974 5012; x_wconf 89' lang='lat' dir='ltr'>ecclesiis</span> <span class='ocrx_word' id='word_1_540' title='bbox 998 4949 1122 5055; x_wconf 67' lang='lat' dir='ltr'>crarta·</span> <span class='ocrx_word' id='word_1_541' title='bbox 1273 4973 1447 5038; x_wconf 62' lang='lat' dir='ltr'>flamm</span> <span class='ocrx_word' id='word_1_542' title='bbox 1460 4972 1520 5032; x_wconf 80' lang='lat' dir='ltr'>nist</span> <span class='ocrx_word' id='word_1_543' title='bbox 1535 4967 1619 5052; x_wconf 72' lang='lat' dir='ltr'>quod</span> <span class='ocrx_word' id='word_1_544' title='bbox 1635 4981 1668 5030; x_wconf 75' lang='lat' dir='ltr'>tu</span> <span class='ocrx_word' id='word_1_545' title='bbox 1681 4987 1802 5052; x_wconf 77' lang='lat' dir='ltr'>qnoque</span> <span class='ocrx_word' id='word_1_546' title='bbox 1817 4965 1935 5030; x_wconf 83' lang='lat' dir='ltr'>Christe</span> <span class='ocrx_word' id='word_1_547' title='bbox 1973 4974 2062 5050; x_wconf 74' lang='lat' dir='ltr'>gertr.</span> 
     </span>
     <span class='ocr_line' id='line_1_47' title="bbox 12 5031 2022 5158; baseline -0.007 -12"><span class='ocrx_word' id='word_1_548' title='bbox 12 5131 18 5158; x_wconf 89' lang='lat'>,</span> <span class='ocrx_word' id='word_1_549' title='bbox 130 5085 211 5140; x_wconf 84' lang='lat' dir='ltr'>lum</span> <span class='ocrx_word' id='word_1_550' title='bbox 233 5067 456 5154; x_wconf 61' lang='lat' dir='ltr'>almumque</span> <span class='ocrx_word' id='word_1_551' title='bbox 480 5059 639 5128; x_wconf 67' lang='lat' dir='ltr'>l⁰⁰⁰¹¹¹¹¹¹¹</span> <span class='ocrx_word' id='word_1_552' title='bbox 664 5071 726 5141; x_wconf 66' lang='lat' dir='ltr'>l’ffl&#39;</span> <span class='ocrx_word' id='word_1_553' title='bbox 756 5057 868 5116; x_wconf 64' lang='lat' dir='ltr'>mlum</span> <span class='ocrx_word' id='word_1_554' title='bbox 890 5031 1122 5114; x_wconf 61' lang='lat' dir='ltr'><strong>M³tcb¹⁰n³&#39;</strong></span> <span class='ocrx_word' id='word_1_555' title='bbox 1224 5077 1277 5142; x_wconf 86' lang='lat' dir='ltr'>Tu</span> <span class='ocrx_word' id='word_1_556' title='bbox 1291 5099 1340 5140; x_wconf 89' lang='lat' dir='ltr'>me</span> <span class='ocrx_word' id='word_1_557' title='bbox 1354 5085 1485 5139; x_wconf 85' lang='lat' dir='ltr'>sustenta</span> <span class='ocrx_word' id='word_1_558' title='bbox 1500 5072 1656 5153; x_wconf 85' lang='lat' dir='ltr'>fragilem,</span> <span class='ocrx_word' id='word_1_559' title='bbox 1682 5081 1716 5132; x_wconf 89' lang='lat' dir='ltr'>tu</span> <span class='ocrx_word' id='word_1_560' title='bbox 1732 5065 1850 5130; x_wconf 82' lang='lat' dir='ltr'>Christe</span> <span class='ocrx_word' id='word_1_561' title='bbox 1873 5047 2022 5152; x_wconf 72' lang='lat' dir='ltr'>guberna,</span> 
     </span>
    </p>
   </div>
   <div class='ocr_carea' id='block_1_9' title="bbox 129 5137 1907 5457">
    <p class='ocr_par' dir='ltr' id='par_1_12' title="bbox 129 5137 1907 5457">
     <span class='ocr_line' id='line_1_48' title="bbox 131 5137 1895 5254; baseline -0.035 -12"><span class='ocrx_word' id='word_1_562' title='bbox 131 5185 236 5250; x_wconf 84' lang='lat' dir='ltr'>tum,</span> <span class='ocrx_word' id='word_1_563' title='bbox 263 5179 303 5236; x_wconf 91' lang='lat' dir='ltr'>ut</span> <span class='ocrx_word' id='word_1_564' title='bbox 326 5185 384 5234; x_wconf 88' lang='lat' dir='ltr'>eas</span> <span class='ocrx_word' id='word_1_565' title='bbox 406 5179 593 5230; x_wconf 88' lang='lat' dir='ltr'>numerare</span> <span class='ocrx_word' id='word_1_566' title='bbox 617 5151 700 5226; x_wconf 85' lang='lat' dir='ltr'>satis</span> <span class='ocrx_word' id='word_1_567' title='bbox 722 5171 798 5219; x_wconf 89' lang='lat' dir='ltr'>non</span> <span class='ocrx_word' id='word_1_568' title='bbox 818 5145 1004 5238; x_wconf 84' lang='lat' dir='ltr'>possimus.</span> <span class='ocrx_word' id='word_1_569' title='bbox 1056 5137 1125 5208; x_wconf 87' lang='lat' dir='ltr'>Per</span> <span class='ocrx_word' id='word_1_570' title='bbox 1276 5181 1336 5244; x_wconf 50' lang='grc' dir='ltr'>Ρη</span> <span class='ocrx_word' id='word_1_571' title='bbox 1353 5183 1457 5241; x_wconf 56' lang='lat' dir='ltr'>mim</span> <span class='ocrx_word' id='word_1_572' title='bbox 1471 5175 1733 5238; x_wconf 57' lang='lat' dir='ltr'>mmmm</span> <span class='ocrx_word' id='word_1_573' title='bbox 1749 5175 1812 5254; x_wconf 48' lang='lat' dir='ltr'>ip„</span> <span class='ocrx_word' id='word_1_574' title='bbox 1827 5185 1895 5235; x_wconf 52' lang='grc' dir='ltr'>ω.</span> 
     </span>
     <span class='ocr_line' id='line_1_49' title="bbox 131 5223 1907 5358; baseline -0.034 -15"><span class='ocrx_word' id='word_1_575' title='bbox 131 5274 245 5344; x_wconf 88' lang='lat' dir='ltr'>talem</span> <span class='ocrx_word' id='word_1_576' title='bbox 268 5281 384 5338; x_wconf 90' lang='lat' dir='ltr'>autem</span> <span class='ocrx_word' id='word_1_577' title='bbox 408 5265 503 5358; x_wconf 90' lang='lat' dir='ltr'>piam</span> <span class='ocrx_word' id='word_1_578' title='bbox 528 5256 713 5352; x_wconf 86' lang='lat' dir='ltr'>Synodum</span> <span class='ocrx_word' id='word_1_579' title='bbox 737 5263 773 5320; x_wconf 93' lang='lat' dir='ltr'>et</span> <span class='ocrx_word' id='word_1_580' title='bbox 799 5247 993 5335; x_wconf 83' lang='lat' dir='ltr'>legitimam</span> <span class='ocrx_word' id='word_1_581' title='bbox 1013 5240 1125 5332; x_wconf 89' lang='lat' dir='ltr'>possit</span> <span class='ocrx_word' id='word_1_582' title='bbox 1899 5223 1907 5239; x_wconf 92' lang='lat'>&#39;</span> 
     </span>
     <span class='ocr_line' id='line_1_50' title="bbox 129 5343 1386 5457; baseline -0.033 -13"><span class='ocrx_word' id='word_1_583' title='bbox 129 5373 228 5454; x_wconf 87' lang='lat' dir='ltr'>ficri,</span> <span class='ocrx_word' id='word_1_584' title='bbox 269 5367 420 5438; x_wconf 84' lang='lat' dir='ltr'>maxime</span> <span class='ocrx_word' id='word_1_585' title='bbox 449 5361 565 5457; x_wconf 89' lang='lat' dir='ltr'>quoad</span> <span class='ocrx_word' id='word_1_586' title='bbox 596 5349 830 5434; x_wconf 89' lang='lat' dir='ltr'>ceremonias,</span> <span class='ocrx_word' id='word_1_587' title='bbox 867 5343 1057 5416; x_wconf 86' lang='lat' dir='ltr'>concordia</span> <span class='ocrx_word' id='word_1_588' title='bbox 1090 5353 1126 5412; x_wconf 90' lang='lat' dir='ltr'>et</span> <span class='ocrx_word' id='word_1_589' title='bbox 1180 5364 1386 5414; x_wconf 68' lang='lat'>-7---··</span> 
     </span>
    </p>
   </div>
   <div class='ocr_carea' id='block_1_10' title="bbox 130 5440 1613 5560">
    <p class='ocr_par' dir='ltr' id='par_1_13' title="bbox 130 5440 1613 5560">
     <span class='ocr_line' id='line_1_51' title="bbox 130 5440 1613 5560; baseline -0.029 -14"><span class='ocrx_word' id='word_1_590' title='bbox 130 5471 352 5552; x_wconf 86' lang='lat' dir='ltr'>similitudo,</span> <span class='ocrx_word' id='word_1_591' title='bbox 377 5489 482 5560; x_wconf 87' lang='lat' dir='ltr'>quam</span> <span class='ocrx_word' id='word_1_592' title='bbox 498 5483 636 5532; x_wconf 88' lang='lat' dir='ltr'>summe</span> <span class='ocrx_word' id='word_1_593' title='bbox 655 5457 825 5550; x_wconf 86' lang='lat' dir='ltr'>petimus,</span> <span class='ocrx_word' id='word_1_594' title='bbox 850 5459 886 5520; x_wconf 88' lang='lat' dir='ltr'>et</span> <span class='ocrx_word' id='word_1_595' title='bbox 901 5440 994 5516; x_wconf 93' lang='lat' dir='ltr'>nihil</span> <span class='ocrx_word' id='word_1_596' title='bbox 1015 5441 1126 5534; x_wconf 91' lang='lat' dir='ltr'>magis</span> <span class='ocrx_word' id='word_1_597' title='bbox 1212 5465 1238 5532; x_wconf 72' lang='lat' dir='ltr'>e)</span> <span class='ocrx_word' id='word_1_598' title='bbox 1255 5459 1303 5516; x_wconf 69' lang='lat' dir='ltr'>ste</span> <span class='ocrx_word' id='word_1_599' title='bbox 1316 5457 1409 5529; x_wconf 73' lang='lat' dir='ltr'>urique</span> <span class='ocrx_word' id='word_1_600' title='bbox 1420 5453 1549 5526; x_wconf 65' lang='lat' dir='ltr'>reipsum</span> <span class='ocrx_word' id='word_1_601' title='bbox 1563 5461 1613 5506; x_wconf 70' lang='lat' dir='ltr'>aa.</span> 
     </span>
    </p>
   </div>
   <div class='ocr_carea' id='block_1_11' title="bbox 1502 5523 1586 5598">
    <p class='ocr_par' dir='ltr' id='par_1_14' title="bbox 1502 5523 1586 5598">
     <span class='ocr_line' id='line_1_52' title="bbox 1502 5523 1586 5598; baseline -0.012 0"><span class='ocrx_word' id='word_1_602' title='bbox 1502 5523 1586 5598; x_wconf 67' lang='grc' dir='ltr'>ξδ’</span> 
     </span>
    </p>
   </div>
   <div class='ocr_carea' id='block_1_12' title="bbox 0 0 2412 6176">
    <p class='ocr_par' dir='ltr' id='par_1_15' title="bbox 0 0 2412 6176">
     <span class='ocr_line' id='line_1_53' title="bbox 0 0 2412 6176; baseline 0 0"><span class='ocrx_word' id='word_1_603' title='bbox 0 0 2412 6176; x_wconf 95' lang='lat' dir='ltr'> </span> 
     </span>
    </p>
   </div>
  </div>
 </body>
</html>
