4720 6170
113 285 161 362 se
677 263 1114 358 urrs'rotanuu

113 444 363 526 Michera·
387 441 741 542 Meienbargio,
765 437 929 520 Censeli
942 437 1115 522 Narthe-

559 571 665 622 Simo·

121 687 174 776 S.
193 695 242 772 D.
287 695 547 768 Honestissima
577 698 649 782 vir,
684 709 717 767 ct
749 695 862 766 amice
896 691 1112 774 charissime.

124 805 204 894 Ago
225 801 347 890 gratias
373 797 471 884 Deo,
499 799 594 892 quod
616 793 785 868 hactenus
806 809 840 869 et
861 823 925 870 vos
946 801 1111 886 servavit,

125 919 160 975 et
175 908 318 985 reseres,
346 915 381 972 et
397 901 496 973 dedit
513 899 595 970 urbi
609 915 743 972 vestrae
759 915 793 971 et
818 895 874 970 his
899 901 1029 972 nostris
1053 928 1109 970 ιιι-

122 1004 222 1075 dulis·
234 1003 453 1072 mediocrem
477 1001 770 1096 tranquillitatem
789 1001 903 1072 Filius
919 995 1112 1074 Mr'clrai'el

115 1119 206 1176 recte
230 1105 345 1184 salet,
374 1119 408 1174 et
427 1103 531 1172 discit
551 1103 644 1196 apud
665 1095 871 1188 Andream,
896 1105 933 1174 in
950 1103 1109 1198 Collegio

112 1203 230 1278 adhuc
253 1201 413 1290 habitat,
438 1205 520 1300 quia
539 1205 699 1296 nondum
725 1219 868 1298 propter
889 1234 963 1278 mea
986 1213 1110 1281 dorne-

112 1310 197 1380 stica
212 1309 473 1400 impedimenta
487 1305 588 1376 aliter
603 1319 754 1376 statuere
771 1307 880 1400 potui.
914 1307 999 1386 Post
1012 1336 1110 1382 mor·

110 1425 182 1482 tem
199 1409 272 1480 mei
288 1401 327 1504 ⁸)
346 1407 540 1478 fidelissimi
554 1422 732 1510 aegrotare
748 1409 862 1500 coepit
876 1415 1004 1501 coniux
1021 1437 1110 1504 mear,

111 1527 147 1583 et
167 1535 271 1581 nunc
295 1511 387 1580 febri
407 1509 556 1580 tertiana
587 1505 783 1596 periculose
806 1511 944 1585 laborat
971 1515 1109 1608 aliquot

109 1612 335 1706 septimanis.
388 1611 441 1682 De
462 1611 534 1680 filio
557 1601 827 1707 Chrisloph‘oro
851 1615 906 1684 sic*
924 1619 1054 1704 sentio,
1080 1617 1108 1688 si

110 1727 233 1810 potest
255 1738 328 1782 esse
345 1713 489 1806 Spirae,
516 1711 626 1802 magis
646 1708 760 1782 velim¹
776 1739 854 1800 eum
873 1714 924 1786 ihi
946 1721 1110 1814 aliquan-

112 1817 177 1886 diu
192 1839 351 1890 manere.
403 1811 473 1885 Sed
501 1814 529 1882 si
551 1829 692 1884 nonest
715 1817 916 1900 commode,
940 1835 974 1894 ct
999 1821 1109 1892 luris-

114 1917 300 1988 consultos
324 1915 464 1992 italicos
480 1917 555 1986 vult
570 1910 719 2004 audire,
736 1910 799 1990 oro
815 1913 950 2008 Deum,
973 1940 1012 1994 ut
1029 1948 1108 1994 curn

116 2031 232 2110 regat,
258 2029 293 2088 et
308 2030 442 2102 servet,
466 2032 503 2086 et
518 2041 589 2085 non
607 2014 792 2088 dissuadeo
810 2019 895 2108 iter,
920 2011 961 2096 ac
981 2025 1026 2096 sit
1042 2023 1107 2096 Pa-

121 2123 225 2204 tavii,
248 2120 314 2192 uhi
331 2121 395 2188 aiir
409 2119 585 2188 salubrior
602 2131 671 2204 est,
697 2133 730 2188 et
747 2119 865 2192 minus
882 2125 1029 2216 periculi
1049 2141 1110 2212 est,

129 2246 231 2314 quem
250 2221 349 2295 alibi.
401 2215 456 2290 Eo
480 2219 547 2291 iam
573 2244 694 2288 recens
711 2223 967 2312 proiecti—‚sunt
990 2241 1024 2298 et
1045 2228 1110 2298 filil

123 2315 298 2408 Genderi,
332 2345 422 2416 qnos
447 2325 547 2408 decet
564 2315 761 2406 ‚Iohannes
783 2318 904 2414 Bosa,
938 2325 1112 2400 Manssel.

117 2426 251 2508 densis,
273 2415 546 2520 Chrr'stephero
561 2415 688 2507 notus,
701 2418 809 2496 homo
825 2415 961 2518 integer
977 2445 1010 2502 et
1024 2433 1111 2500 fide-

114 2527 171 2600 lis.
225 2521 276 2598 Et
295 2539 379 2595 seint
403 2525 453 2594 ibi
477 2523 536 2596 alii
559 2520 698 2597 honesti
725 2525 815 2612 viri,
841 2519 1112 2629 Christophora

114 2627 208 2700 noti.
261 2623 466 2716 Adiungam
480 2625 648 2697 tamen'et
662 2650 757 2696 meas
774 2628 905 2717 literas,
929 2659 1010 2706 cum
1027 2659 1112 2726 pro-

114 2727 230 2798 ticisci
247 2729 452 2801 decreverit.
502 2725 556 2798 De
571 2727 676 2798 bellis
690 2723 783 2798 nihil
802 2733 965 2810 scribam.
1017 2736 1112 2822 Scio,

112 2855 186 2900 nos
201 2854 277 2900 nou
295 2825 462 2898 humanis
478 2829 663 2920 praesidiis
678 2833 822 2916 servari,
839 2837 898 2904 sed
917 2835 1031 2907 Filius
1044 2835 1110 2907 Dei

111 2945 214 3022 tegat
228 2955 328 3000 suam
345 2927 556 3015 Ecclesiam,
582 2943 616 3000 et
636 2943 676 3002 ut
691 2955 756 3001 nos
780 2935 817 3002 in
837 2961 875 3004 ea
899 2951 1011 3028 tegat,
1035 2952 1110 3011 toto

1165 277 1273 352 LIB.
1302 273 1385 351 Xll.
1440 273 1571 355 1655.
2113 279 2162 352 70

1166 437 1361 514 Ecclesiam
1385 457 1593 514 servaturas
1611 441 1677 528 sit',
1703 435 1795 514 hanc
1811 435 1970 516 docendi
1991 445 2157 516 militiam

1166 566 1238 614 non
1257 549 1468 616 deseramus.
1519 543 2067 636 Etsistudia'ennt'languidiora
2083 563 2155 618 tam

1066 667 1070 675 ·
1105 639 1110 658 ’
1165 649 1380 716 turbulentis
1396 647 1632 738 temporibus,
1658 647 1780 717 tamen
1795 649 1833 718 in
1849 643 1905 717 his
1919 649 2046 720 vicinis
2062 649 2155 720 Aca-

1165 749 1296 818 demiis
1308 746 1423 818 adhue
1439 749 1505 818 Dei
1519 749 1690 819 beneficio
1707 752 1897 820 mediocria
1914 764 2006 822 sunt.
2055 747 2153 820 Mihi

1081 901 1090 918 .
1164 873 1297 918 novrrm
1311 849 1445 920 hellam
1461 864 1513 920 est
1527 875 1605 920 cum
1627 847 1773 920 homine
1786 854 1939 922 fanatico
1954 844 2154 930 Themeres,

1163 953 1224 1044 qui
1242 951 1514 1022 Francofordiae
1529 956 1572 1019 ad
1587 951 1759 1022 Moenum
1777 954 1813 1022 in
1827 951 2002 1024 Ecclesias
2017 969 2155 1022 nostras

1163 1054 1225 1122 diu
1240 1053 1413 1142 flagitiose
1428 1050 1661 1124 debacchatus
1673 1053 1752 1140 est,
1778 1057 1838 1148 qni
1856 1057 2057 1139 contendit,
2082 1053 2153 1126 Ec-

1163 1155 1303 1224 clesiam
1320 1179 1458 1246 semper
1472 1157 1579 1224 sitisse
1596 1169 1628 1226 et
1645 1177 1719 1224 esse
1736 1171 1895 1243 coetum,
1918 1158 1981 1249 qui
2004 1151 2152 1227 honesta

1163 1257 1350 1348 disciplina
1365 1281 1482 1327 mores
1496 1259 1587 1327 rexit
1602 1271 1662 1326 eut
1674 1271 1769 1346 regat.
1787 1260 1892 1326 etiam
1912 1260 2006 1328 inter
2020 1255 2152 1329 Ethni-

1161 1381 1238 1438 eos‚
1265 1359 1326 1452 qui
1341 1383 1471 1428 nomen
1486 1356 1617 1430 Christi
1635 1383 1709 1428 non
1731 1373 1876 1429 norunt.
1927 1357 2059 1430 Abolet
2078 1361 2151 1429 dis-

1162 1460 1295 1528 crimen
1321 1462 1408 1550 legis
1425 1475 1458 1530 et
1473 1458 1679 1550 Evangelii,
1706 1475 1741 1530 et
1757 1457 1991 1551 Evangelium
2007 1461 2058 1530 ait
2073 1476 2152 1530 tan-

1163 1575 1237 1630 tum
1262 1585 1336 1632 esse
1364 1556 1484 1652 νόμον
1510 1556 1703 1658 φυσικόν.’
1743 1559 1838 1632 Haec
1860 1567 1912 1633 es't
1934 1560 2151 1656 παρασκευὴ

1162 1658 1253 1758 πρὸς
1272 1659 1505 1758 βεβηλότητα
1523 1658 1562 1757 ¹¹⁵)
1586 1657 1795 1758 τουρκικήν.
1830 1663 1917 1735 ‚Sed
1939 1665 2065 1734 omitto
2089 1659 2152 1732 has

1162 1767 1526 1839 commemorationes.
1579 1765 1712 1857 Scripsi
1746 1766 1958 1836 adolescenti
1992 1766 2151 1835 testimo-

1163 1866 1281 1951 nium,
1306 1869 1400 1959 quod
1423 1869 1518 1938 dices
1542 1869 1700 1938 fortassis
1717 1867 1864 1937 Pindari
1886 1869 2042 1958 exemplo
2062 1867 2150 1935 scri-

1165 1981 1262 2057 ptum
1286 1991 1377 2053 esse,
1409 1971 1470 2063 qui
1493 1971 1565 2038 fere
1595 1969 1728 2062 ubique
1751 1970 1855 2060 plura
1879 1971 1965 2041 dicit
1988 1971 2032 2040 de
2061 1967 2151 2050 aliis,

1164 2069 1327 2161 quamde
1343 2093 1402 2152 eo,
1428 2071 1528 2140 cuius
1551 2071 1750 2140 celebratur
1766 2071 1927 2146 victoria.
1975 2065 2151 2150 DeBuie-

1163 2170 1234 2237 mia
1252 2171 1401 2240 scribam
1425 2172 1561 2263 aliquid
1577 2185 1618 2242 ut
1641 2173 1746 2262 petis:
1773 2173 1833 2240 scd
1856 2186 1891 2241 te
1912 2194 1984 2241 esse
2007 2195 2151 2263 praeco-

1163 2295 1245 2340 nem
1261 2273 1393 2362 patriae
1408 2273 1536 2343 rectius
1558 2286 1642 2342 erat.
1692 2271 1871 2363 Descripsi
1886 2288 2043 2343 nostram
2058 2267 2151 2365 My.

1162 2372 1280 2458 siam,
1305 2376 1411 2467 qnam
1429 2375 1559 2444 inclusi
1579 2375 1774 2464 triangulo,
1801 2375 1902 2443 errius
1923 2375 2016 2444 basis
2032 2387 2082 2444 est
2099 2376 2151 2444 la-

1152 2487 1220 2546 ›tus
1233 2477 1409 2545 montium
1427 2489 1642 2558 vestrorum,
1668 2477 1731 2570 qui
1745 2475 1976 2546 nominantur
1992 2473 2152 2558 Sudctes,

1163 2578 1255 2646 latus
1271 2579 1442 2648 orientale
1458 2575 1571 2663 Albis,
1591 2579 1817 2648 occidentalis
1830 2577 1962 2646 fluvius
1976 2575 2058 2646 Pica
2074 2571 2152 2647 κίτ-

1163 2704 1210 2750 τα
1220 2671 1290 2774 ”),
1317 2692 1353 2749 et
1365 2673 1513 2774 κορυφὴ
1530 2673 1711 2750 confluens
1727 2679 1830 2751 Salae
1844 2693 1877 2749 et
1889 2675 2002 2748 Albis.
2046 2673 2152 2748 Edita
2262 2671 2265 2680 ’

1164 2794 1215 2851 est
1241 2781 1371 2866 oratio,
1405 2783 1466 2850 sed
1499 2805 1595 2850 nunc
1630 2783 1826 2872 exemplum
1861 2781 2001 2850 nullum
2029 2774 2154 2855 habeo.

1163 2879 1261 2952 Bene
1276 2881 1354 2952 vale
1370 2882 1488 2956 caries.
1504 2884 1623 2952 frater.
1673 2883 1741 2954 Die
1757 2881 1794 2984 8.
1814 2879 1960 2971 Georgii
1980 2876 2090 2954 1553.

113 3059 199 3103 eum
217 3046 450 3124 pectoreoro.
504 3031 690 3118 Videmus,
714 3033 919 3125 impendere
943 3039 1110 3110 mutatio·
1166 3037 1173 3048 ’

114 3159 200 3205 nem
218 3133 421 3224 germanico
439 3119 610 3226 imperio,
636 3135 708 3206 imo
726 3137 792 3206 toti
809 3140 926 3226 generi
942 3135 1112 3228 humano,

112 3261 158 3308 ac
171 3249 254 3327 post
272 3257 401 3325 paucos
417 3233 675 3306 annosTurcae
690 3237 1111 3318 invadentGermaniam.

116 3336 316 3429 Speremus
330 3349 467 3417 aretem,
493 3335 625 3406 Filium
638 3335 706 3408 Dei
723 3363 854 3430 poenas
869 3344 1111 3434 mitigaturum

114 3463 204 3514 esse.
257 3435 416 3528 Lipsiam
448 3453 593 3529 propter
623 3441 788 3510 morbum
822 3467 920 3513 meae
953 3447 1112 3536 coniugis

116 3565 218 3611 nunc
233 3539 408 3632 proticisci
427 3563 500 3608 non
519 3563 677 3629 possum,
702 3545 761 3612 sed
778 3543 808 3613 si
821 3559 964 3636 potero,
990 3551 1034 3618 ad
1052 3571 1113 3618 vos

116 3657 199 3734 post
225 3641 365 3735 aliquot
391 3663 529 3710 menses
556 3641 772 3730 experiebar.
823 3643 921 3718 Bene
943 3651 1056 3722 valete
1079 3664 1114 3722 et

118 3743 285 3816 feliciter.
336 3739 402 3814 Die
421 3738 569 3834 Georgii
587 3737 696 3817 1553.

808 3843 1008 3944 Philippus.

133 4211 319 4340 Q.

478 4401 548 4488 M.
578 4403 793 4494 Gallina·

948 4239 1006 4302 28.
1021 4235 1101 4316 Apr.

937 4321 1109 4356 Μ

193 4575 216 4646 †
232 4571 272 4630 ee
286 4591 381 4647 amr.
395 4573 424 4628 in
436 4573 498 4633 cod.
508 4575 601 4659 ‘l’srin¹
617 4577 653 4636 D.
665 4577 698 4636 L.
711 4579 771 4640 54³.

226 4725 482 4804 Malthace
504 4725 719 4824 Collina,
744 4733 785 4808 in
811 4733 1013 4816 Academia

529 4828 725 4934 Pregensi.
972 4860 976 4868 ·

127 4965 176 5056 S.
197 4981 246 5056 l).
297 4980 508 5072 Doctissime
528 4983 587 5054 vir
617 4997 653 5054 et
671 4987 849 5060 carissime
872 4947 1120 5068 111111.Το-

127 5107 275 5158 nearnue
296 5079 393 5158 hanc
410 5096 446 5154 et
460 5085 741 5167 consolationem
763 5103 798 5166 et
819 5097 1119 5187 praeceptionem:

128 5209 209 5258 rann
242 5185 350 5259 enm
377 5184 471 5261 ieter
502 5187 735 5280 imperiorum
766 5193 889 5267 ruinas
921 5197 1017 5270 filius
1047 5199 1120 5272 Dei

165 5421 321 5493 ''tle-eb
334 5421 462 5484 niehtri.

1174 3253 1243 3330 No.
1257 3251 1371 3328 5370.

1168 3351 1382 3390 Nm

1495 3433 1551 3519 Ρ.
1586 3431 1838 3521 Vincentio.

1234 3620 1258 3692 †
1276 3619 1313 3674 Er
1326 3633 1420 3692 apogr.
1436 3614 1466 3670 in
1479 3613 1543 3672 cod.
1556 3613 1640 3671 Paris.
1658 3612 1695 3670 D.
1711 3612 1744 3668 L.
1757 3611 1816 3668 ⁵4⁸.

1982 3255 2137 3376 ²⁵2A⁹¹'

1167 3767 1392 3852 Clarissima
1407 3772 1505 3860 aire,
1531 3767 1732 3843 eruditione
1747 3780 1779 3842 et
1794 3767 1922 3842 virtute
1936 3770 2156 3868 praestanti,

1166 3879 1221 3957 D.
1243 3875 1379 3952 Petro
1394 3870 1441 3952 V
1444 3871 1662 3960 intentio,
1685 3870 1912 3968 gubernanti
1928 3868 2056 3944 stadia
2074 3871 2155 3943 lite-

1169 4008 1295 4058 rarem
1313 3979 1353 4050 r'a
1370 3973 1511 4072 inclyta
1530 3973 1616 4047 arbe
1629 3969 1802 4093 debera,
1816 3971 1945 4072 fratri
1957 3973 2026 4046 sea
2040 3971 2156 4046 aeris·
2231 3995 2238 4008 ·

1611 4100 1719 4163 semo,

1168 4217 1216 4307 S.
1240 4231 1288 4305 D.
1338 4227 1527 4302 Carissime
1549 4227 1668 4297 irater.
1720 4223 1853 4315 Magna
1876 4247 1956 4296 cum
1977 4227 2156 4315 voluptate

1168 4335 1237 4426 legi
1253 4347 1445 4426 utrumque
1461 4353 1621 4410 carmen,
1646 4329 1896 4421 panegyricum
1914 4327 2014 4397 urbis
2028 4339 2060 4394 et
2077 4325 2155 4394 lau-
2195 4383 2211 4408 ,

1169 4437 1348 4509 dationem
1374 4455 1477 4502 verae
1505 4431 1720 4513 nobilitatis,
1754 4451 1794 4498 ac
1823 4429 1979 4498 delector
2007 4427 2156 4494 consilio

1169 4561 1288 4610 rerum
1316 4535 1504 4626 gravitate,
1536 4534 1696 4602 ubertate
1716 4551 1838 4603 venae.
1894 4527 1966 4596 Nec
1991 4527 2156 4598 offendor

1171 4641 1275 4711 etiam
1291 4638 1405 4709 sicubi
1421 4635 1605 4705 scribentis
1620 4631 1773 4724 impetus
1787 4627 1934 4700 celerius
1947 4642 2007 4698 arrt
2020 4629 2156 4700 tardius

1169 4765 1279 4812 unam
1295 4753 1400 4832 atque
1422 4738 1568 4807 alteram
1591 4733 1761 4830 syllabam
1780 4730 1884 4821 rapit.
1933 4727 2023 4800 Nam
2042 4755 2156 4826 neque

1171 4839 1302 4915 chorda
1323 4863 1451 4912 sonum
1470 4837 1608 4922 reddit,
1628 4857 1732 4929 quem
1749 4831 1824 4901 vult
1839 4853 1967 4902 manus
1990 4845 2023 4902 et
2043 4855 2154 4908 mens.

1170 4944 1324 5017 Memini
1346 4965 1427 5013 carn
1449 4941 1489 5009 in
1509 4934 1667 5008 Helleni
1685 4932 1876 5032 splendidq
1897 4935 2053 5004 carmine
2077 4935 2158 5026 qui·

1171 5051 1252 5118 dem
1270 5045 1399 5118 sciolus
1413 5033 1716 5134 repraehendisset
1738 5035 1928 5130 syllabam,
1952 5031 2156 5108 Erasmara

1190 5355 1449 5429 *tsiereeiptun
1464 5363 1519 5410 eet·
1591 5365 1594 5375 ·

1212 5443 1261 5512 ”t
1280 5443 1331 5504 vlt
1348 5443 1438 5512 titire.
1495 5511 1549 5587 ὅ·
