4782 6182
132 301 219 378 926ἱ
701 294 1135 380 EPISTULARUM
1186 293 1407 378 etun.
1461 292 1594 376 16st-
2094 303 2171 378 920

135 479 176 548 in
209 471 395 568 Evangelii
428 477 572 571 proprie
610 473 731 569 patefit
768 487 972 566 peecatm,
1031 475 1129 570 qn'od
1177 473 1374 568 apostolico
1391 488 1426 546 et
1440 471 1599 560 Niceno,
1624 487 1659 546 et
1675 473 1965 566 congruentibus.
2002 473 2170 564 Memini,

136 581 295 651 mundus
309 580 468 669 ignorat,
491 594 525 652 ct
538 577 734 656 contemnit
749 577 864 650 tilium
877 575 969 662 Dei,
990 589 1027 647 et
1040 577 1130 648 scti-
1177 575 1337 648 Flacium
1351 591 1434 649 ante
1450 601 1565 648 annos
1578 578 1714 673 aliquot
1728 571 1988 668 reprehendere
1994 577 2166 676 sormam

137 695 239 774 ptum
262 693 332 752 est:
364 678 519 778 spiritus
551 687 683 773 arguet
705 672 885 748 mundum
911 673 954 748 de
973 686 1128 774 peccato,
1177 687 1326 750 nostroe
1357 677 1620 750 invocationis:
1657 678 1917 776 „omnipotens
1945 675 2071 768 Dens,
2104 704 2168 754 oo·

137 777 241 881 quod
253 801 329 854 oon
345 775 493 852 credunt
510 777 551 852 in
568 805 635 854 me.
687 777 875 872 Exponam
890 795 926 852 et
941 781 1028 850 alias
1044 783 1127 852 ca'u-
1177 788 1275 852 tems
1289 774 1403 852 Pater
1415 779 1580 852 Domini
1599 780 1722 852 nostri
1733 778 1822 852 Iesu
1837 774 2003 868 Christi,
2024 793 2167 856 creator

136 907 212 968 sas,
236 909 317 954 cum
329 885 455 955 ,videro
472 906 677 966 censuram,
703 905 794 976 quae
809 907 924 964 nunc,
949 897 990 953 ut
1004 883 1127 966 audio,
1176 907 1255 954 cum
1264 879 1371 956 Filio
1387 892 1450 956 luo
1467 892 1656 955 coaeterno
1670 891 1702 954 el
1710 880 1856 980 Spiritu
1870 883 2037 956 macto!
2089 887 2162 958 Mi-

137 985 294 1074 cuditur.
333 984 525 1080 Sequentia
547 983 585 1054 in
601 997 661 1056 tua
677 985 825 1077 epistola
840 998 901 1056 ant
914 984 1049 1055 ironiae
1066 999 1127 1056 aut
1175 989 1300 1074 rebar,
1324 989 1389 1058 cnr
1407 984 1702 1080 reprehenderet,
1735 1011 1802 1058 nec
1826 999 1942 1060 tamen
1967 989 2163 1082 quidquam

135 1088 288 1156 insidiae
313 1099 407 1158 suno
458 1087 547 1158 Nam
570 1087 600 1156 si
623 1085 794 1175 ingenua,
819 1101 858 1158 ut
873 1085 969 1156 inter
984 1087 1127 1172 amicos,
1176 1091 1577 1183 malisnspicatussum.
1627 1089 1733 1160 Nunc
1750 1090 1872 1176 video,
1896 1113 1983 1183 quas
2004 1091 2165 1181 disputa-

137 1188 339 1258 dissertatio
365 1203 471 1274 esset,
509 1211 583 1258 non
606 1188 814 1280 praeterires
837 1187 996 1279 primum
1020 1201 1125 1278 caput
1174 1193 1288 1264 tiones
1310 1207 1463 1268 moveat.
1518 1193 1608 1264 Non·
1632 1191 1740 1284 genui
1763 1215 1857 1262 nova
1885 1193 2069 1282 damnate,
2100 1196 2163 1264 scd

52 1339 56 1348 ·
138 1286 330 1384 lobannis,
354 1291 451 1384 quod
473 1289 539 1360 tibi
560 1313 636 1360 non
652 1289 813 1378 ignotum
829 1303 892 1362 est.
943 1285 993 1360 Et
1007 1304 1125 1366 tameo
1174 1319 1399 1368 communem
1433 1296 1631 1366 doctrinm
1666 1289 1804 1364 harnm'
1826 1291 2089 1380 Ecclesiarum,
2121 1307 2164 1366 nt

136 1392 242 1462 dicis:
284 1415 459 1485 nusquam
484 1392 692 1462 nominatur
711 1391 806 1460 filius
828 1383 956 1488 λόγος,
986 1392 1057 1461 nisi
1085 1393 1123 1462 in
1174 1397 1292 1488 potui,
1318 1399 1527 1491 congessiin
1544 1419 1658 1468 unum
1674 1418 1820 1487 corpus,
1835 1410 1875 1466 nt
1888 1397 2047 1468 iuniores
2062 1421 2162 1468 sum-

136 1492 352 1587 Apocalypsi
375 1493 737 1564 cuiussuctoritatetn
755 1491 891 1566 abiicis.
930 1493 1124 1584 Necigno·
1174 1517 1267 1570 mam
1281 1523 1400 1572 rerum
1424 1501 1608 1590 complecti
1627 1511 1782 1592 possent.
1834 1495 2018 1588 Quaedam
2040 1499 2162 1570 minos

135 1618 195 1664 ras
211 1594 354 1664 initium
379 1595 512 1684 primae
530 1591 899 1688 epistulaelohannis.
952 1591 1026 1680 Ac,
1043 1580 1125 1666 'dis-
1173 1596 1319 1672 horride
1343 1602 1490 1674 recitavi
1519 1613 1665 1694 propter
1682 1601 1929 1682 iuventutem}
1960 1613 1996 1672 ct
2020 1623 2161 1692 semper

135 1696 235 1766 cerni
251 1697 288 1764 in
303 1693 460 1766 Ecclesia
474 1689 587 1794 iclyor
602 1688 859 1791 ὑφιστάμενον
873 1720 894 1766 a
906 1721 992 1766 voce
1009 1711 1123 1768 creata
1173 1727 1228 1772 me
1257 1705 1390 1774 iudicio
1414 1699 1593 1774 Ecclesiae
1621 1703 1765 1774 subieci.
1823 1701 1955 1788 Vides,
1983 1713 2159 1796 qnantum

136 1811 384 1882 evanescente,
413 1799 520 1869 nosti
576 1797 658 1870 Scio
683 1811 818 1882 atatem,
856 1798 969 1868 multa
997 1812 1123 1870 ‘contra
1171 1807 1303 1876 nostris
1326 1829 1418 1894 opus
1439 1807 1486 1878 sit
1510 1805 1719 1888 concordie,
1741 1809 1852 1898 qnar'e
1874 1805 2033 1876 etiamsi
2058 1827 2161 1898 quae,

137 1913 173 1970 ‘i
195 1900 370 1990 di³t³¹²i³i³
392 1921 467 1968 0⁵⁵²
490 1900 597 1985 Olim,
631 1911 667 1969 θῑ
695 1894 764 1969 h⁰⁰
790 1911 951 1991 iempssro
979 1901 1124 1974 moveri·
1171 1921 1212 1978 nt
1224 1907 1416 1978 lierialiter
1432 1907 1471 1976 in
1485 1902 1552 1978 hac
1566 1907 1808 1978 imbecillitate
1821 1919 1968 1976 naturae
1988 1929 2062 1976 non
2077 1921 2160 1996 pot·

132 1999 208 2074 Nec
231 2026 309 2071 oum
333 2001 421 2070 adeo
446 2001 546 2072 rudis
570 1995 819 2086 historiarum,
844 2013 885 2072 ul
902 2002 1123 2072 Simoooieni
1171 2023 1243 2092 est,
1282 2009 1519 2080 dissenciones
1553 2009 1771 2091 inciderent,
1810 2008 1868 2100 pia
1903 2007 2158 2080 diiudicatione

134 2115 171 2174 et
184 2102 337 2172 aliorum
363 2103 553 2174 certamina
579 2101 755 2186 nesciam,
779 2125 844 2171 nec
859 2105 948 2172 adeo
973 2104 1123 2174 stolidus
1170 2123 1290 2182 nostra
1325 2111 1473 2180 vulnera
1502 2113 1657 2180 sananda
1693 2122 1806 2178 erant.
1865 2106 1969 2180 Ntrnc
2004 2123 2159 2180 certatur

134 2213 236 2289 wios
260 2217 300 2274 ¹12
316 2195 404 2272 miili
421 2204 542 2274 nollit
554 2198 822 2302 sst3ovoioyiot
837 2205 875 2274 io
892 2217 1048 2274 montom
1062 2231 1124 2276 ve-
1169 2213 1281 2300 odiis,
1294 2229 1329 2286 et
1340 2213 1555 2284 factionibus
1570 2213 1766 2282 incitantur
1780 2223 1903 2280 contra
1922 2235 1989 2282 nos
2005 2225 2041 2282 et
2056 2213 2158 2302 prin·

135 2307 251 2380 niant.
310 2304 381 2376 Sed
415 2306 551 2376 retineo
578 2307 839 2376 invocationem
873 2305 940 2376 lilii
971 2301 1058 2394 Dei,
1089 2321 1124 2378 et
1169 2315 1264 2408 cipes
1287 2330 1322 2388 et
1343 2315 1496 2408 populus
1514 2314 1659 2384 saevitis
1683 2313 1909 2404 scriptorum.
1956 2309 2158 2384 Lacerora

134 2432 239 2499 saepe
265 2431 424 2497 expresse
453 2407 650 2480 Serveticos
683 2408 821 2478 furores
848 2407 1011 2484 refutavi.
1062 2404 1123 2490 At,
1170 2413 1386 2498 pontificiis,
1406 2431 1575 2489 aretem
1588 2431 1711 2486 contra
1726 2439 1782 2484 me
1797 2413 1931 2484 librum
1946 2413 2058 2484 edidit
2067 2409 2158 2482 Sta.

134 2511 271 2604 inquis,
295 2510 497 2583 confirmari
514 2509 799 2586 Stenckieldiana
814 2511 961 2597 deliria,
979 2513 1011 2582 ai
1028 2510 1123 2582 lilius
1166 2512 1321 2618 phyius.
1370 2517 1480 2590 Multi
1497 2517 1661 2602 fanatici,
1677 2511 1868 2599 Servetur,
1882 2508 2155 2607 Stenckseldius

133 2615 272 2682 dicotur
315 2601 433 2710 idyoc.
490 2609 569 2704 Ego
605 2613 787 2706 perspicue
824 2615 977 2684 refutare
1019 2637 1121 2704 poooo
1169 2635 1203 2694 et
1218 2623 1279 2693 alii
1296 2634 1419 2694 contra
1431 2645 1488 2692 me
1504 2621 1633 2690 atrocia
1651 2619 1781 2710 scripta
1790 2617 1989 2688 ediderunt.
2019 2613 2157 2689 interea

132 2711 604 2800 Stcnckfeidianaadlirmo,
626 2716 731 2783 etiam
751 2716 829 2784 sine
847 2711 1122 2784 samosatenicis
1168 2725 1358 2795 incurrunt
1379 2725 1417 2792 in
1441 2747 1496 2792 me
1519 2746 1595 2794 noo
1622 2722 1743 2792 minus
1771 2720 1938 2794 atrociter
1958 2711 2156 2792 Flectuni.

17 2825 18 2832 ’
134 2821 170 2876 et
192 2806 380 2877 Serveticis
401 2813 555 2884 attriliis.
614 2811 714 2898 Quid
750 2837 841 2903 opus
874 2829 946 2895 est,
989 2816 1121 2906 inquis,
1169 2823 1267 2894 inter
1289 2819 1375 2894 haec
1394 2823 1548 2915 pericula
1572 2821 1819 2900 melilioDei,
1846 2820 2155 2919 Dominolnostro

134 2929 239 2976 carica
265 2920 300 2978 et
322 2907 414 2976 blcsa
439 2931 545 2990 voce,
577 2911 606 2979 si
639 2911 733 2980 lilius
762 2915 838 3001 ipse
863 2915 1122 2984 concionatur?
1168 2923 1248 2996 {em
1262 2921 1407 2996 Christo
1429 2925 1658 3002 commendo,
1683 2934 1814 2992 etcum
1837 2945 1921 3006 οη),
1946 2933 1988 2992 nt
2011 2946 2068 2992 me
2088 2943 2156 3010 gu.

17 3053 18 3056 =
135 3007 324 3078 Hocbello
349 3023 540 3080 sconrmate
563 3011 775 3080 subsannari
800 3039 874 3092 stre,
900 3011 962 3084 xci
985 3015 1119 3085 ὲκθεα-
1166 3028 1310 3110 bernes,
1350 3039 1386 3096 et
1410 3029 1540 3105 σκεῦος
1563 3020 1685 3108 ἐλέους
1711 3021 1829 3096 faciat.
1887 3022 1970 3093 Scio
1998 3047 2056 3092 me
2079 3045 2154 3092 non

131 3104 345 3206 τρίζεσθαι,
366 3133 441 3180 non
458 3111 562 3180 valde
576 3114 721 3182 moleste
738 3117 825 3184 iero.
861 3113 944 3186 Scio
961 3141 1016 3184 me
1035 3139 1120 3189 rau-
1165 3151 1239 3204 es„
1261 3119 1546 3220 ἀναμάρτητον,
1573 3149 1637 3196 „00
1659 3124 1838 3215 defugiam
1861 3123 1994 3196 iudicia
2012 3138 2155 3196 noma.

132 3237 212 3281 tum
237 3226 270 3283 et
292 3213 430 3282 blesum
456 3235 539 3284 esse.
597 3213 668 3286 Sed
691 3207 754 3284 lios
778 3218 882 3284 lsrtlos
903 3217 996 3286 inre
1021 3231 1116 3288 tanta
1164 3253 1245 3300 mm
1260 3225 1511 3302 Ecclesiamm,

132 3337 206 3382 tion
232 3314 443 3404 probaturus
465 3337 537 3386 esse
553 3315 649 3386 viros
672 3339 796 3406 graves
810 3318 984 3406 arbitror,
1010 3333 1045 3390 et
1070 3335 1118 3406 te,
1264 3327 1360 3404 Hm
1375 3332 1419 3402 sd
1436 3327 1640 3422 epistolam,
1663 3351 1769 3422 quarn
1784 3322 1874 3398 milri
1895 3326 2042 3413 misisti,
2067 3328 2151 3396 hre-

130 3416 263 3504 miror,
289 3409 351 3488 has
366 3415 528 3502 delicias,
552 3441 632 3488 cun
652 3421 695 3490 ad
716 3443 772 3490 me
789 3433 942 3492 veterem
962 3421 1117 3492 amicum
1163 3433 1256 3506 viter
1272 3431 1488 3526 respondeo,
1514 3447 1547 3506 et
1571 3445 1607 3502 te
1629 3453 1713 3514 oro,
1734 3439 1776 3500 nt
1797 3429 1845 3500 sis
1862 3423 2025 3500 torneae
2038 3441 2154 3500 caess

130 3517 274 3604 scribis,
306 3541 433 3589 amare.
490 3513 632 3590 Dicitur
663 3521 706 3592 de
733 3521 951 3594 ministeriot
985 3543 1033 3592 ex
1057 3543 1116 3594 ore
1163 3535 1212 3606 rts
1248 3539 1294 3608 ad
1327 3535 1485 3608 studium
1521 3533 1698 3633 publicae·
1719 3528 2004 3629 tranquillitatis,
2053 3525 2153 3602 Bene

130 3616 338 3718 insontium
355 3630 419 3696 ele.
471 3615 515 3690 ln
530 3645 570 3691 eo
593 3617 792 3693 ministerio
819 3623 912 3694 lilius
936 3638 1040 3718 caput
1064 3639 1116 3698 est
1163 3639 1250 3716 vale,

128 3733 203 3790 non
219 3713 392 3808 otiosu'm3
420 3741 485 3816 ego
500 3738 582 3792 sum
602 3721 706 3810 vitis,
732 3749 794 3796 vos
804 3721 992 3824 palmites.
1034 3719 1114 3798 Ne-

127 3844 188 3892 mo
211 3822 312 3894 novit
329 3821 473 3922 patiam
493 3817 714 3916 nisifilins,
747 3831 779 3896 ei
804 3825 867 3898 cui
894 3823 985 3898 volet
998 3821 1114 3922 filius
1652 3865 1657 3876 ·

17 3985 18 3994 2
128 3923 296 3997 revelare.
348 3921 767 4018 NecreiicloAugostini
789 3930 924 4002 dictum
952 3931 997 3999 de
1021 3931 1112 4002 filio:
1159 3955 1215 4034 No
1244 3957 1357 4038 5134·
1990 3965 2048 4032 15,
2060 3959 2139 4024 p„

125 4021 289 4124 puolidie
309 4025 471 4096 mittitur
489 4025 694 4124 sapientia,
722 4037 761 4098 ut
776 4027 826 4099 sit
847 4053 927 4100 cum
952 4023 1112 4103 homine.
1164 4016 1378 4100 ᾀων
1692 4052 1696 4064 ·
1755 4071 1761 4080 ·
1869 4075 1875 4088 ·
1967 4031 2143 4086 ²⁰⁴⁴-

125 4127 199 4200 Nec
222 4141 340 4200 tamen
363 4128 448 4198 inde
470 4127 760 4200 Stenclsleldiana
781 4145 995 4228 sequuntur,
1021 4155 1112 4230 quae
1386 4127 1621 4216 [oachim
1645 4122 1920 4214 Andttifflw·

124 4231 258 4303 tollunt
270 4241 453 4302 externum
471 4229 721 4305 ministerium.
1228 4275 1251 4346 f
1268 4268 1304 4327 g,
1317 4271 1473 4348 ,Pompo
1492 4271 1520 4326 ἰ,
1535 4269 1600 4326 md,
1614 4267 1686 4325 (Νη
1701 4271 1741 4325 11,
1759 4287 1786 4342 Ρ,
1799 4265 1890 4336 ω,

228 4329 411 4402 Postremo
428 4329 534 4400 dicis:
561 4331 590 4400 si
607 4330 819 4422 cogitatione
835 4329 991 4405 nascitur
1005 4335 1110 4414 filius,

67 4429 69 4436 ’
123 4443 228 4503 erunt
244 4431 532 4503 innumerabiles.
549 4429 685 4504 Unicus
695 4449 746 4506 est
756 4435 848 4506 lilius
856 4437 990 4506 aeterni
1001 4439 1108 4530 patris·

121 4559 228 4630 qtrern
245 4535 571 4628 adfinnantscripta
581 4537 852 4628 apostolicaesse
864 4533 989 4611 εἰκόνα
997 4555 1106 4610 aeter·

1157 4395 1427 4475 illustrissimo
1448 4389 1620 4490 Princrpi
1642 4417 1687 4464 oc
1710 4387 1880 4478 domino,
1913 4381 2009 4467 dom·
2031 4387 2146 4464 loo-

1157 4495 1327 4588 clu‘mo,
1360 4495 1532 4598 Principi
1560 4497 1600 4566 io
1625 4487 1770 4569 Antan
1803 4499 1836 4566 el
1860 4485 2044 4576 Ascariis,
2077 4491 2145 4564 do>

122 4637 162 4708 ni
179 4637 306 4729 patris,
327 4649 360 4708 et
370 4640 592 4732 χαρακτῆρα
605 4631 855 4720 ὑποστάσεως.
896 4637 971 4710 Has
987 4641 1105 4733 appel,
1156 4603 1259 4682 mino
1278 4603 1321 4676 in
1342 4597 1474 4679 Zarin
1497 4609 1530 4676 ct
1550 4589 1784 4693 Bernborck,
1807 4589 1958 4668 domino
1978 4619 2053 4696 ¹suo
2071 4591 2144 4668 sle-

17 4807 18 4812 ,
124 4738 274 4812 lotiones
298 4751 372 4810 tota
402 4749 558 4809 vetustas
588 4739 860 4832 interpretatur,
891 4745 936 4813 nt
957 4741 997 4811 in
1021 4743 1107 4812 meis
1560 4708 1725 4794 mmai·

17 4823 19 4916 l
122 4840 391 4931 seriptisrecito,
406 4863 558 4934 cumque
571 4848 678 4912 notae
694 4841 767 4912 sint
777 4843 843 4912 tibi
857 4843 1106 4937 explicationes
1155 4825 1205 4918 S.
1233 4843 1276 4916 o.
1335 4835 1469 4914 illustr.
1501 4851 1536 4910 et
1568 4831 1793 4908 clementes·
1813 4829 2005 4922 ¹Princeps.
2060 4825 2141 4904 Oro

121 4955 295 5026 vetustae,
329 4941 528 5032 longiorem
557 4945 930 5015 commemorationem
966 4945 1104 5018 omitto.
1153 4943 1269 5018 Deum
1284 4957 1466 5014 aeternum
1481 4953 1617 5032 patrem
1631 4935 1768 5006 domini
1786 4933 1898 5006 nostri
1918 4929 2022 5016 ΗΣ,
2044 4955 2142 5002 crea·

122 5045 225 5127 Soio,
252 5037 415 5116 homines
437 5055 591 5122 astutos.
621 5045 684 5138 qni
702 5046 903 5116 doctrinam
927 5043 1105 5118 Ecclesiae
1152 5059 1267 5118 torern
1288 5045 1377 5116 coeli
1398 5057 1434 5116 et
1449 5051 1608 5114 terraeet
1626 5033 1832 5120 hominurn,
1858 5033 1979 5128 quiet
2003 5055 2138 5152 anunm

121 5159 374 5238 'ili‘ffli'iiffl's
400 5169 474 5216 ooo
489 5143 679 5215 difficulter
694 5145 862 5217 ¹invenire
876 5150 973 5242 qnod
991 5155 1103 5240 o‘ppo-
1152 5171 1213 5218 sua
1237 5145 1409 5238 sapientia
1430 5142 1627 5224 ordinavit,
1650 5153 1691 5210 ut
1709 5133 1887 5210 Ecclesiae
1901 5149 1936 5206 et
1948 5129 2007 5204 his
2020 5155 2137 5250 repro-

119 5263 226 5334 nant,
253 5259 286 5318 et
309 5241 378 5316 hoc
400 5248 557 5316 seculum
580 5247 777 5318 delectatur
797 5250 957 5340 profanis
980 5251 1101 5341 dispe
1153 5249 1259 5320 nibus
1276 5261 1310 5319 et
1324 5243 1417 5322 Cels.
1430 5241 1478 5315 V.
1497 5243 1557 5314 det
1579 5243 1789 5342 sanctones
1810 5235 2137 5355 foelicernvenren·

17 5322 22 5354 l
121 5350 326 5424 talionibus.
377 5346 446 5418 Sed
465 5345 544 5418 Deo
567 5347 710 5420 invente
730 5357 914 5444 nunqnam
939 5349 1102 5422 abiiciam
1152 5365 1221 5423 tem
1243 5373 1400 5434 annum,
1424 5360 1460 5418 et
1482 5359 1597 5418 servet
1614 5339 1883 5430 Celsvestram
1907 5335 2136 5422 incolumem,

17 5460 23 5498 '
118 5451 380 5532 invocationem
400 5448 465 5518 filii
481 5447 567 5538 Dei,
591 5475 656 5522 nec
679 5451 858 5524 discedam
874 5475 893 5524 a
908 5449 1102 5550 symbolis,
1150 5467 1186 5528 et
1199 5453 1387 5526 confirmet
1400 5449 1495 5522 vires
1510 5447 1650 5520 animae
1667 5459 1702 5518 et
1715 5441 1876 5538 corperis
1888 5433 2137 5516 Cels-vestrae.
