4782 6182
152 297 231 374 798

153 471 233 544 1υἰ1.
286 469 429 562 Insigne
451 457 641 540 discrimen
662 469 756 542 inter
772 468 908 562 Togam
929 483 964 542 et
977 467 1146 554 Pallium,

153 575 243 644 adeo
268 589 307 644 ut
322 575 534 644 discerneret
556 572 665 664 ligura
687 585 788 664 togae
802 571 988 646 Romanos
1002 571 1047 642 ab
1065 569 1145 642 aliis

152 675 328 764 gentibus.
398 668 568 746 Pullium
602 673 670 746 luit
702 675 856 746 exterior
887 675 994 746 vestis
1026 674 1144 764 longa,

153 775 373 848 Graecorum
391 792 424 848 et
438 773 679 859 Ebracorum,
706 775 833 848 similis
849 775 998 850 Senensi
1023 775 1144 868 pallio,

152 903 214 949 seu
231 879 488 972 propemodum
505 877 634 948 talibus
651 879 781 968 palliis,
808 880 974 974 qualibus
989 879 1028 947 in
1046 879 1143 950 luctu

151 1007 249 1050 rrrirte
281 977 500 1050 honestiores
534 975 695 1050 homiues
729 996 892 1056 utuntur.
952 979 1040 1054 Tale
1074 979 1144 1050 tuit

149 1085 299 1176 pallium
323 1081 446 1168 Eliac,
472 1075 619 1154 Christi.
669 1079 779 1156 Color
799 1084 868 1156 suit
888 1084 1065 1154 violaceus
1086 1081 1143 1152 vel

150 1187 313 1256 ceruleus
334 1187 525 1269 olrscnrus,
548 1207 646 1276 grau
661 1188 830 1257 accedens
852 1189 895 1258 ad
921 1181 1031 1270 blau,
1053 1185 1144 1254 sicut

149 1283 258 1358 hodie
272 1287 460 1358 orientales
475 1301 509 1358 et
523 1283 604 1356 Airi
623 1287 817 1378 plurimum
830 1303 982 1362 utuntur
997 1287 1061 1357 tali
1082 1311 1143 1358 co·

149 1393 245 1475 lore,
286 1403 328 1460 ut
353 1389 513 1458 existimo
539 1387 669 1458 vidisse
699 1387 981 1463 illustrissimum
1002 1387 1144 1460 Princi-

151 1517 231 1584 pem
260 1505 342 1560 ante
363 1490 614 1580 Witebergam
646 1492 737 1580 regis
770 1487 968 1586 Apbrieani
1001 1503 1141 1560 vestem.

148 1591 205 1664 De
220 1594 302 1686 pilis
316 1595 530 1663 camelorum
548 1594 812 1682 peregrinantes
827 1597 951 1666 dicunt
966 1593 1041 1664 lieri
1062 1595 1141 1685 plu-

149 1697 261 1766 rimos
287 1696 374 1765 tales
397 1720 533 1787 pannos
546 1687 766 1764 Schamlutlr
789 1697 827 1766 in
849 1695 993 1778 Cilicia,
1025 1710 1061 1767 et
1081 1719 1142 1764 vc-

150 1794 486 1882 hunturVenetias,
519 1812 552 1868 et
574 1811 658 1868 sunt
682 1798 762 1868 vilis
778 1799 894 1892 pretii.
948 1798 1064 1870 Credo
1080 1821 1143 1866 ve:

149 1925 231 1970 rrrm
254 1925 327 1970 esse
348 1923 408 1971 eos
432 1921 589 1992 pannos,
623 1923 713 1991 quos
739 1903 967 1974 nominamus
983 1894 1141 1970 Scham-

149 1996 251 2084 Iotlt,
278 2003 353 2072 fieri
369 2027 410 2072 ex
427 2003 509 2094 pilis
525 2000 766 2074 Camelorum.

161 2379 228 2451 No.
243 2376 365 2503 6026:

153 2475 344 2508 ⁹⁸⁶·-
440 2559 553 2678 Gplr.
584 2561 845 2652 Paraetonio.

219 2723 315 2776 Manlii
328 2723 429 2794 ianag.
445 2743 472 2793 p.
485 2725 538 2779 252
549 2745 590 2798 sq.

150 2869 374 2948 Clarissimo
390 2876 487 2958 viro,
515 2874 736 2962 eruditione,
763 2889 824 2952 etc.
844 2874 897 2952 D.
917 2871 1144 2950 Christo-

147 2971 296 3074 phuro
322 2971 587 3096 Purrnunip,
631 2977 817 3149 pascunt
842 2974 1143 3080 Francosurdiae

524 3101 575 3150 m
658 3103 772 3155 emme

149 3239 369 3320 Doctissime
392 3247 464 3333 vir,
504 3261 539 3320 et
567 3241 773 3318 charissime
796 3247 916 3323 irater.
967 3245 1076 3338 Quod
1098 3251 1142 3320 de

149 3379 226 3424 mea
251 3351 321 3422 vita
346 3349 476 3421 soliciti
498 3349 599 3434 estis,
631 3373 782 3442 agnosco
803 3363 901 3422 tuam
925 3364 959 3423 et
987 3351 1141 3424 aliorum

147 3451 451 3524 benevolentiam:
479 3475 518 3522 ac
539 3453 667 3522 debere
685 3475 741 3524 me
764 3451 865 3522 vobis
888 3452 1141 3546 gratitudinem

148 3561 271 3628 fatcor.
330 3553 475 3627 Utinam
503 3579 588 3626 vero
618 3578 755 3648 possem
788 3553 988 3628 illustribus
1016 3555 1141 3626 officiis

150 3659 305 3729 vicissim
342 3681 453 3726 meam
490 3655 774 3728 benevolentiam
810 3657 910 3726 vobis
944 3659 1141 3730 ostendere.

148 3762 219 3834 Sed
235 3781 318 3828 vere
334 3781 411 3827 sum
429 3761 533 3840 σκιᾶς
545 3753 652 3854 ὄναρ,
679 3756 914 3830 utPindarica
931 3760 1141 3854 descriptio·

147 3888 192 3932 ne
214 3875 305 3934 utar.
360 3857 491 3930 Verum
515 3861 628 3932 donec
649 3857 747 3932 Deus
770 3861 808 3931 in
832 3857 898 3932 hac
918 3862 1070 3934 statione
1083 3887 1141 3932 me

145 3965 224 4036 vult
239 3959 382 4047 servire,
401 3959 532 4032 iustum
550 3975 603 4033 est
617 3987 673 4032 me
691 3963 950 4054 obtemperare:
969 3988 1010 4035 ac
1024 3963 1139 4056 ipsum

147 4092 225 4150 oro,
247 4079 287 4135 ut
302 4087 358 4132 me
371 4063 555 4154 gubernet.
587 4059 777 4136 Amicitiae
792 4087 876 4134 vero
890 4078 1032 4136 nostrae
1047 4089 1140 4136 sern-

147 4193 212 4264 per
233 4187 469 4248 memorem,
508 4177 544 4236 et
567 4163 607 4233 in
628 4157 693 4234 hac
723 4163 815 4236 vitae
840 4163 985 4250 militia,
1019 4179 1055 4238 et
1078 4165 1139 4236 illa

146 4283 288 4341 aeterna
311 4261 520 4346 Academia,
561 4263 598 4334 in
620 4289 690 4360 qua
715 4265 877 4336 fruemur
903 4281 1025 4338 nostra
1055 4291 1139 4338 con-

148 4372 331 4444 iunctione
354 4367 513 4453 dulcius,
547 4379 580 4438 et
601 4361 814 4438 habebimus
835 4369 997 4440 doctores
1013 4381 1048 4441 et
1066 4369 1139 4440 col-

149 4477 242 4566 legas
270 4495 349 4541 cum
372 4469 502 4564 quibus
528 4469 672 4539 suavius
703 4463 949 4562 philosophari
982 4486 1140 4562 potuera-

147 4599 247 4659 mus,
281 4595 388 4668 quiam
417 4565 524 4642 babet
551 4563 638 4642 haec
666 4571 747 4645 vita.
815 4567 942 4642 Scribo
971 4573 1139 4644 tueatur:

150 4680 234 4772 quia
267 4674 385 4746 subito
420 4673 516 4742 luctu
550 4673 692 4743 animus
726 4697 824 4744 meus
856 4689 1046 4766 occupatus
1078 4689 1140 4750 est.

149 4780 238 4854 lleri
254 4777 350 4848 enim
368 4775 496 4845 ancilla
515 4775 636 4864 generi
652 4775 741 4860 mei,
765 4776 922 4848 modesta
939 4777 1074 4868 puella,
1100 4775 1139 4846 iu

149 4881 277 4966 horto,
303 4903 382 4949 enm
405 4901 469 4946 rios
493 4876 529 4946 in
554 4875 684 4968 templo
702 4899 873 4962 essemus,
899 4877 1047 4950 fulmine
1071 4877 1138 4950 ieta
1213 4897 1216 4904 ⁴

150 4987 266 5080 periit.
318 4979 470 5052 Moveor
499 5003 573 5048 non
602 4979 715 5048 solnm
739 4973 808 5048 hoc
829 4977 920 5050 tristi
945 5003 1045 5062 casu,
1077 4983 1137 5050 sed

148 5089 255 5160 etiam
269 5083 399 5154 omine.
451 5081 520 5152 Sed
540 5105 605 5151 oro
622 5081 734 5150 filium
750 5075 838 5164 Dei,
864 5094 902 5151 ut
929 5081 1140 5172 publicaret

150 5191 304 5282 privatas
335 5209 466 5277 poeuas
490 5183 596 5258 nobis
622 5181 743 5254 leniat.
801 5181 899 5252 Beue
924 5182 1012 5254 vale.
1071 5181 1139 5256 Dic

150 5295 184 5366 8.
204 5287 298 5362 lolii.

732 290 1166 397 artsronaaun
1217 291 1432 370 monn
1485 293 1616 412 asso.

2126 285 2202 362 791

1195 463 1263 540 No.
1282 464 1399 546 6027.

1206 563 1373 591 Μ
2052 463 2189 584 ue

1530 637 1851 726 Godcsclrulco.

1264 795 1287 866 †
1305 793 1449 867 Descripta
1463 795 1569 852 strata.
1577 795 1692 850 Valent.
1698 795 1802 862 Zwerg
1814 815 1844 850 es
1857 793 2010 866 apographo
2024 790 2190 848 ioliibliotb.

1301 866 1460 919 Academiae
1474 863 1628 918 Halnieusis
1641 874 1667 918 et
1681 883 1705 918 a.
1723 863 1798 918 1776.
1814 866 1894 917 missa
1908 865 1940 916 ed
1957 865 1983 918 b.
1997 861 2190 928 Noerseltnm,

1296 931 1469 1006 Theologum
1489 933 1649 998 liniensem,
1669 933 1717 1004 qui
1731 931 1782 986 illo
1797 943 1921 1006 tempore
1935 931 2063 1002 epistolas
2076 930 2189 982 llll-lan-

1295 1003 1385 1058 tbunis
1398 1003 1552 1074 colligebat.
1579 1003 1615 1056 Er
1629 1002 1683 1058 boc
1695 1003 1851 1075 apographo
1865 1001 1930 1056 nullu
1945 1001 2026 1056 mim
2041 1011 2108 1055 esta
2124 999 2187 1052 Do·

1299 1073 1372 1128 ctist.
1385 1075 1418 1128 F.
1435 1071 1535 1142 Getta,
1552 1069 1669 1126 llalensi.

1193 1221 1394 1328 Philippus
1419 1222 1648 1300 antaradon
1675 1221 2025 1315 Godasclralco,
2063 1221 2188 1297 Ludi-

1419 1331 1602 1427 magistro
1624 1327 1961 1428 Mogdeburgensi.

1194 1449 1242 1540 S.
1267 1461 1312 1538 D.
1363 1461 1565 1536 Clarissimo
1590 1463 1647 1536 vir
1668 1478 1702 1536 et
1720 1462 1923 1536 charissime
1943 1435 2070 1545 irater,
2096 1489 2187 1558 quo-

1194 1569 1281 1640 tidie
1306 1590 1370 1637 oro
1397 1567 1509 1636 hlium
1536 1563 1624 1654 Dei,
1666 1568 1850 1637 dominum
1879 1581 2040 1638 nostrum
2072 1565 2186 1636 lesum

1193 1665 1397 1754 Christum,
1417 1669 1494 1763 ttfui
1526 1692 1562 1738 se
1595 1669 1709 1762 pingit
1736 1670 1777 1738 in
1797 1669 1950 1760 imagine
1970 1669 2188 1740 Samaritani

1193 1773 1341 1843 vulnera
1357 1771 1468 1841 saucii
1483 1771 1686 1862 obligantis,
1712 1786 1751 1842 ut
1767 1772 1842 1864 ipse
1854 1773 2038 1840 medeatur
2055 1770 2184 1839 vulne-

1194 1876 1295 1946 ribus
1320 1869 1557 1944 Ecclesiarum
1586 1887 1806 1954 nostrarum,
1848 1889 1881 1944 et
1903 1873 2047 1943 dissidia
2073 1872 2185 1945 tollat.

1194 1975 1266 2047 Nee
1281 1977 1441 2044 lacessivi
1457 1976 1556 2060 alios,
1573 1990 1605 2045 et
1620 1977 1774 2047 libenter
1790 1977 1896 2046 velim
1913 1977 1957 2045 de
1971 1973 2186 2068 quibusdam

1194 2101 1268 2149 non
1281 2077 1420 2148 levibus
1432 2077 1538 2148 rebus
1555 2077 1710 2172 colloqui
1726 2103 1805 2148 cum
1822 2077 1934 2146 doctis
1948 2091 1982 2148 et
1999 2078 2120 2160 bonis,
2146 2091 2187 2146 ut

1194 2181 1233 2250 in
1260 2179 1418 2252 Ecclesia
1449 2181 1549 2250 decet
1587 2180 1673 2256 lieri.
1726 2179 1797 2251 Sed
1831 2179 1935 2250 ratolti
1970 2173 2144 2275 ἐριστικοί
2158 2175 2186 2272 ¹)

1194 2283 1336 2354 nullum
1365 2283 1470 2351 finem
1501 2281 1734 2352 maledicendi
1766 2280 1900 2351 faciunt
1925 2305 1989 2352 nec
2015 2293 2131 2352 tacent
2145 2276 2189 2374 ²).

1122 2429 1130 2444 ·
1195 2389 1253 2456 sed
1284 2397 1422 2456 tantum
1453 2387 1644 2456 accendere
1670 2383 1752 2454 odia
1781 2383 1938 2454 student.
2004 2381 2186 2452 Hactenus

1196 2484 1288 2558 nihil
1310 2487 1496 2580 respondi,
1522 2501 1555 2556 et
1577 2489 1706 2558 multas
1731 2481 1845 2556 habco
1867 2485 1999 2554 silentii
2016 2485 2086 2554 mei
2101 2509 2186 2552 carr-

1194 2614 1267 2676 sas,
1293 2613 1380 2684 quas
1402 2591 1474 2661 scio
1498 2590 1603 2660 etiam
1628 2589 1750 2660 multis
1772 2583 1930 2658 honestis
1948 2600 1983 2657 et
2000 2587 2186 2676 prudenti-

1194 2693 1261 2764 bus
1276 2692 1432 2783 probari.
1474 2691 1527 2762 Te
1543 2717 1685 2786 quoque
1701 2685 1890 2772 adhortor,
1916 2713 1962 2760 ne
1980 2689 2107 2780 litiges.
2146 2685 2187 2758 Si

1195 2807 1311 2863 autem
1325 2793 1444 2876 audio,
1468 2789 1558 2860 mihi
1573 2795 1707 2864 bellum
1726 2792 1862 2872 inferri,
1889 2805 2073 2884 propterea
2090 2791 2187 2884 quod

1195 2893 1340 2962 stoicam
1364 2892 1604 2964 necessitatem
1628 2918 1702 2962 non
1728 2895 1858 2983 probo,
1883 2893 2040 2962 veritatis
2066 2907 2188 2985 patro-

1195 2993 1327 3062 cinium
1350 3017 1424 3061 non
1441 2995 1611 3065 deseram.
1667 2993 1801 3064 Vellem
1825 3015 1909 3078 nos,
1932 2991 1993 3088 qni
2009 2997 2188 3074 docemus,

1195 3093 1482 3164 coniunctionem
1502 3109 1657 3164 nostram
1674 3095 1776 3166 tueri.
1820 3093 1918 3164 liene
1936 3097 2024 3164 vale.
2077 3095 2187 3166 Mitto

1195 3197 1385 3290 pagellam,
1411 3193 1503 3266 nihil
1518 3198 1611 3266 enirn
1627 3197 1722 3268 aliud
1742 3221 1837 3267 nunc
1855 3193 2039 3272 habebam.
2080 3197 2187 3266 Wit-

1194 3299 1262 3370 teb.
1279 3301 1314 3374 7.
1331 3295 1415 3370 ΙυΙίἱ
1431 3325 1461 3376 a.
1483 3298 1593 3375 1566.

1197 3510 1215 3518 .-
1229 3507 1305 3518 -η-ς-
1322 3507 1697 3522 -ι-ι--σ-ι--υ--ι--ι-ο
1706 3511 1742 3522 ιι·
1751 3495 1996 3526 ...nunnus-*nu-
1999 3509 2189 3520 ···········

1193 3635 1392 3762 Ψ.
2041 3656 2094 3718 tr.
2114 3637 2173 3712 tu.

2035 3737 2183 3767 ο-’Ὧυ

1383 3821 1572 3911 Hosius
1600 3826 1667 3912 ud
1694 3825 1999 3942 Lurrpuetum.

1261 4003 1286 4072 γ
1303 3999 1339 4054 lis
1350 4001 1509 4075 spogrspbo
1523 4013 1631 4060 vetusto
1651 4005 1679 4058 in
1696 4005 1761 4062 cod.
1776 4003 1888 4061 Monac.
1904 4007 1941 4062 ll.
1959 4025 1986 4080 p.
2000 4009 2062 4065 215.

1353 4154 1418 4232 Ad
1438 4159 1697 4234 Hubertum
1723 4157 2033 4260 Languetum.

1192 4289 1243 4378 S.
1293 4303 1510 4382 Charissime
1534 4311 1713 4406 ffieperte,
1744 4313 1839 4383 misit
1864 4307 1967 4382 hasce
1984 4313 2101 4381 literas
2118 4339 2185 4381 na-

1111 4469 1120 4488 .
1192 4421 1264 4479 ster
1282 4403 1527 4494 Nicodamus,
1553 4429 1587 4485 et
1612 4415 1800 4498 indicavit,
1836 4437 1872 4482 se
1890 4415 1928 4482 in
1946 4413 1996 4482 eis
2014 4417 2057 4482 de
2075 4415 2185 4483 rollu-

1192 4511 1277 4604 quio
1293 4501 1508 4586 Coscicmsi
1521 4511 1560 4612 *)
1580 4515 1778 4610 scripsisse,
1806 4515 1896 4584 sicot
1915 4539 2030 4584 coram
2047 4539 2187 4584 eramus

1193 4613 1313 4689 loetiti.
1373 4617 1456 4688 Misi
1483 4641 1564 4708 ergo
1592 4613 1688 4689 huuc
1712 4613 1961 4687 scholasticum
1987 4639 2066 4686 cum
2091 4609 2187 4687 Got-

1190 4706 1359 4804 scdalco,
1386 4743 1456 4812 quo
1482 4733 1515 4790 et
1534 4719 1638 4790 eitius
1654 4733 1686 4789 et
1711 4717 1841 4788 certius
1863 4741 2071 4810 responsum
2094 4721 2186 4788 acci-

1191 4817 1341 4909 piamus.
1395 4817 1579 4892 Adducam
1604 4837 1723 4894 antem
1746 4843 1882 4890 merum
1901 4843 2033 4902 arnum,
2060 4837 2121 4892 aut
2139 4823 2184 4890 ad

1191 4941 1369 4992 summum
1397 4925 1487 4992 duos
1521 4937 1687 5018 tanquam
1722 4933 1824 4993 testes
1859 4921 2029 5018 colloquii
2057 4923 2186 4996 solum.

1192 5069 1418 5090 *—

1225 5167 1253 5232 1)
1273 5165 1415 5236 lpmerci]
1431 5163 1529 5236 scripsi
1548 5183 1598 5236 pro
1618 5163 1763 5236 Comeret.

1224 5255 1258 5325 2)
1279 5251 1477 5325 apographon:
1495 5255 1619 5320 donnes
1639 5253 1779 5312 mendose.

1225 5341 1259 5409 ⁸)
1277 5359 1339 5394 cum
1360 5338 1549 5426 Melrutbope·
1562 5341 1697 5400 babendo.
1739 5341 1879 5396 liubertus
1894 5341 2048 5423 languetur
2064 5359 2097 5396 cr
2113 5343 2142 5398 ia
2156 5361 2188 5398 ru

1286 5409 1832 5551 iar-ep:&capparonem-Melanthum
1846 5423 1873 5466 et
1885 5411 2010 5466 Flacrum
2021 5423 2187 5482 summm·
