4808 6176
107 297 181 377 191

108 467 206 545 Haec
225 469 320 540 bona
335 479 437 538 ornat
453 459 481 562 ³)
496 461 694 554 integritate
709 463 821 549 vitae,
846 461 1000 546 iustitia,
1023 467 1107 534 roo-¹

110 573 222 643 destia
237 585 272 640 et
291 569 458 639 omnibus
475 565 686 647 virtutibus,
712 589 799 660 quas
815 589 882 635 vox
898 564 1021 633 divina
1037 561 1104 630 lla-

110 674 208 766 gitat.
256 667 358 742 Nihil
382 683 432 738 est
456 664 643 742 amabilius
653 663 794 758 ,uirtute
812 667 1000 736 coniuncta
1021 686 1102 734 curn

110 772 273 846 doctrina
290 785 324 842 et
341 771 504 840 facultate
520 769 661 836 dicendi
680 782 714 841 et
728 767 918 841 scribendi.
971 763 1103 872 Quare,

109 877 174 948 ubi
193 871 288 945 hunc
305 863 614 968 Chrislopho'rum
632 868 688 938 vel
703 895 821 940 coram
837 869 948 938 velex
964 867 1104 957 scriptis

110 1001 216 1048 nosse
241 975 395 1066 ceperis,
433 987 494 1044 tuo
519 971 651 1045 iudicio
673 971 834 1062 diliges·
865 967 1103 1056 Haerentem

111 1077 239 1168 scripsi
263 1101 323 1160 eo,
356 1076 474 1169 quod,
504 1097 584 1144 curn
607 1072 849 1144 commendari
874 1099 892 1142 a
918 1095 974 1140 me
997 1071 1103 1142 talem

109 1181 231 1248 cirum
248 1177 482 1266 intelligeres,
509 1197 588 1260 erga
605 1200 660 1242 me
678 1169 707 1266 ⁴)
724 1199 865 1268 qnoque
887 1171 1104 1244 benevolen-

109 1285 160 1354 tia
186 1294 247 1350 tua
270 1293 467 1370 erigeretur.
525 1274 624 1345 Bene¹
648 1289 682 1346 et
704 1277 857 1348 feliciter
879 1275 969 1344 vale.
998 1269 1104 1344 ·Cal.

112 1383 223 1455 lunii.
274 1378 382 1452 Anno
407 1375 517 1452 1555.

334 1497 375 1576 C.
389 1497 433 1570 T.
451 1499 612 1568 addictus

622 1591 812 1689 Philippus
832 1589 1057 1666 Melanthou.

111 1799 1103 1833 W

116 1943 184 2015 No.
198 1939 312 2014 5797.

118 2039 323 2072 m

194 2139 254 2226 M.
283 2131 564 2242 Meiendurg
591 2128 656 2215 od
683 2104 1042 2214 Malorulioacm
1078 2215 1105 2263 ⁸

192 2313 395 2385 &damocles
425 2307 514 2378 ssrlrfc
542 2325 577 2366 on
604 2309 644 2363 tte
670 2307 770 2374 uentae
796 2307 823 2362 ln
849 2305 960 2364 donem.
997 2307 1060 2361 Vol.
1076 2308 1107 2362 u.

219 2405 247 2458 p.
261 2387 297 2440 90
308 2403 350 2454 sq.
368 2401 411 2452 ep.
426 2380 469 2434 83.
486 2406 522 2420 -
559 2378 670 2430 Adiectr
682 2379 734 2429 l'uit
745 2373 875 2445 epistolae
885 2377 919 2428 ed
934 2376 1035 2448 Regem
1049 2378 1108 2430 Da-

219 2457 278 2510 niae
291 2455 357 2507 haee
371 2448 513 2504 Michaelis
524 2445 707 2516 Meienburgii
723 2442 852 2516 epistole,
876 2461 959 2517 querc
978 2463 1038 2502 caru
1056 2466 1106 2522 ap.

219 2519 342 2598 pendicis
355 2517 419 2575 loco
432 2517 516 2571 edidit
528 2514 713 2571 Schumrcher
727 2513 746 2570 l.
760 2513 778 2570 Ι.

326 2669 557 2770 Philippo
583 2664 901 2742 Melanthoni

116 2815 167 2906 S.
193 2829 239 2902 D.
287 2823 496 2898 Reverende
510 2817 554 2896 D.
570 2835 778 2914 praeceptor
792 2823 1006 2894 dulcissime.
1040 2819 1107 2894 Di.

114 2950 215 3005 ctum
239 2939 290 2996 est
313 2927 351 2993 in
375 2921 473 2992 Actis
495 2919 709 3012 Apostolicis
735 2924 777 2990 de
800 2923 867 2992 Dei
893 2923 1107 3012 praesentia:

113 3037 155 3106 iu
174 3033 251 3124 ipso
268 3027 438 3110 vivimus,
463 3047 584 3091 sumus
599 3037 633 3090 et
648 3046 841 3096 movemur.
893 3021 1014 3116 lpsum
1040 3027 1106 3116 igi-

113 3151 179 3208 tur
204 3131 316 3200 lilium
338 3123 423 3210 Dei,
454 3122 648 3193 Dominum
673 3139 832 3194 nostrum
861 3123 975 3196 lesum
999 3121 1106 3196 Cltri-

114 3253 233 3320 stunt,
258 3233 392 3302 suuteru
419 3229 509 3298 vitae
530 3239 564 3296 et
584 3222 700 3294 ornnis
721 3225 931 3316 sapientiae,
958 3253 1043 3314 oro,
1067 3247 1107 3300 ut

115 3355 151 3412 te
167 3351 203 3408 et
217 3357 280 3404 uos
295 3353 418 3400 omnes
434 3328 496 3398 diu
513 3336 627 3398 servet
645 3325 852 3399 incolumes.

222 3435 326 3506 Nunc
346 3431 510 3502 adiiciam
535 3425 749 3500 horrendam
770 3425 894 3498 auditu
910 3419 1107 3510 historiam,

114 3563 224 3638 quam
239 3537 381 3625 dignam
400 3531 511 3602 literis
527 3529 701 3616 iudicavi,
728 3555 817 3622 qrrae
840 3531 954 3620 nuper
974 3535 1109 3602 accedit

113 3645 155 3714 iu
182 3637 373 3722 coenobio,
408 3631 548 3703 duobus
571 3657 676 3724 supra
705 3626 879 3700 l‘ieunam
899 3631 1108 3718 miliaribus,

110 3744 214 3840 qnod
240 3735 594 3833 Klosterneuenburg
619 3746 776 3806 vocatur.
835 3729 925 3808 Nam
949 3725 1107 3805 iamdiu

111 3849 155 3920 iu
179 3841 265 3914 locis
283 3837 409 3908 vicinis
432 3837 569 3930 aliquot
591 3829 823 3911 honestorum
838 3836 996 3906 virorum
1020 3860 1101 3906 con-

115 3947 218 4036 iuges
233 3956 267 4014 et
287 3939 380 4010 tiliae
395 3935 611 4008 desideratae
628 3951 729 4019 sunt,
755 3941 820 4006 nec
839 3939 1003 4030 cuiquam
1021 3961 1107 4006 con-

11 4047 12 4082 *
118 4044 219 4130 stitit,
242 4045 279 4112 iu
296 4065 366 4134 quo
382 4039 463 4107 illae
479 4061 589 4128 ganeo
608 4035 767 4131 (mallem
787 4039 980 4108 modestius
998 4035 1108 4130 loqui,

11 4139 12 4150 ¹
122 4149 153 4218 si
171 4172 222 4218 res
236 4145 284 4216 ita
305 4136 427 4234 lactet)
450 4138 610 4208 laterent.
662 4134 826 4208 Ceterum
849 4137 944 4206 forte
962 4129 1105 4207 fortuna

117 4247 258 4330 accidit,
277 4260 318 4316 ut
334 4243 479 4336 quidam
495 4239 615 4309 ebrius
628 4239 665 4308 in
683 4240 814 4330 templo
832 4239 928 4306 illius
944 4239 1107 4306 coenobii

113 4365 222 4424 nocte
240 4347 494 4418 occluderetur.
547 4337 598 4424 ls,
631 4365 712 4408 cum¹
734 4364 753 4410 e
777 4339 919 4428 crapula
944 4334 1106 4410 hesterna

965 1929 1096 2050 Q

11 4493 12 4498 κ
111 4451 326 4540 evigilasset,
351 4442 507 4522 nescius,
532 4441 766 4533 qiromudoin
780 4435 1106 4531 huoc'lac‘ntaper-
1170 4500 1175 4511 .

11 4555 14 4594 ³
109 4553 289 4641 venisset,
315 4541 672 4643 coepitsiliitimere,
696 4557 730 4612 et
748 4565 785 4615 se
802 4541 1045 4636 abscondere„
1062 4565 1107 4610 ne

108 4656 217 4728 forta.
230 4669 401 4744 tanquam
420 4648 480 4715 lur
501 4660 564 4714 aut
577 4643 766 4734 sacrilegus
781 4639 997 4734 arriperetur
1010 4668 1051 4712 uc
1070 4643 1107 4712 in

11 4757 17 4824 l
108 4755 309 4831 discrimen
329 4743 594 4820 vitae-veniret.
645 4741 736 4819 Cum
761 4744 870 4834 igitur
891 4744 1106 4843 itatiupidus

11 4867 18 4908 ·'
110 4855 365 4954 ωυρμ-φφ
391 4842 582 4950 neopaclti,
598 4843 747 4937 ¹reclusio
763 4844 885 4947 seris„
925 4843 961 4941 iu
991 4845 1104 4948 ipsum

108 4932 289 5052 tenrpluip
322 4925 487 5050 113ιρ1ῃῇ
509 4942 677 5046 liuilni&
708 4940 839 5039 securri·
859 4940 1104 5050 l¹ll¹lli³l⁰¹llilm

11 5074 17 5102 '
107 5025 779 5160 quarrchm,'.qoiti··prccgrreirsleret,
807 5030 1106 5148 itinerantem

451 5159 578 5197 .l¹‘·
665 5154 1042 5199 ··¹·⁴..·.„...’.¹⁴

147 5303 179 5370 5)
199 5263 509 5353 Mrut.'riiai'‘oime‹i.''
617 5304 621 5312 ·

148 5389 180 5456 4)
198 5379 286 5436 Mani.
305 5375 535 5432 commendarem
553 5371 641 5426 talem
656 5370 767 5439 edum,
785 5385 849 5426 eum
863 5389 882 5454 p
894 5365 1104 5422 maumam.

186 5449 343 5520 temptes,
359 5451 387 5500 et
398 5443 437 5498 alc
452 5455 561 5512 quoque
573 5456 642 5510 erga
654 5453 727 5496 eam.

681 282 1114 378 uerecundum!
1160 280 1268 358 utu
1290 279 1373 362 ΧΠ.
1427 279 1587 364 1665.Ι

2072 291 2149 370 495

1155 455 1309 546 mplius
1339 453 1565 530 &cumulare
1603 455 1678 528 tion
1711 453 1840 553 posset.
1906 459 2148 536 constitutum

1140 551 1275 644 'autem
1287 571 1381 644 crat,
1408 557 1482 628 illis
1498 559 1661 630 miserum
1678 561 1763 632 dare
1779 564 1869 637 neci.
1919 565 2054 657 Aperte
2078 565 2148 637 ita-

1155 672 1349 752 queputeo
1362 660 1607 746 subterraneo,
1630 677 1666 733 et
1678 665 1841 736 revoluto
1856 666 1972 756 lapide
1987 668 2033 737 ab
2047 666 2147 738 illius

1155 761 1258 846 ustio,
1274 761 1464 846 iusserunt,
1479 785 1556 832 eam
1573 787 1610 832 se
1626 766 1853 857 praecipitem
1868 770 2034 838 deorsum
2050 771 2148 856 dare,
2179 803 2183 811 ·

1155 863 1249 934 utin
1264 863 1328 934 illo
1343 863 1531 935 locoiuter
1552 866 1741 951 cadavera,
1766 891 1856 960 quae
1877 869 1977 960 prius
2000 869 2039 939 in
2057 893 2149 941 eun-

1155 965 1235 1036 dem
1255 978 1401 1054 puteum
1414 966 1569 1036 coniecta
1586 982 1697 1050 erant,
1723 984 1927 1043 moreretur.
1963 968 2039 1056 Illa,
2064 993 2146 1042 cum

1156 1079 1307 1136 mortem
1327 1066 1480 1154 effugere
1500 1091 1577 1138 non
1600 1083 1733 1159 posset,
1758 1086 1898 1163 arrepto
1919 1073 2082 1157 cultello,
2108 1094 2146 1142 se

1156 1167 1273 1258 ipsum
1289 1168 1460 1252 confodit,
1485 1192 1524 1240 ac
1539 1170 1668 1240 deinde
1684 1172 1837 1262 proiecta
1852 1185 1902 1243 est
1916 1195 1937 1242 a
1954 1168 2145 1244 Monachis

1157 1270 1343 1354 deorsum,
1367 1269 1527 1361 lapisque
1542 1273 1660 1342 denuo
1677 1275 1851 1344 admotos.
1902 1272 1981 1345 Hoc
2003 1287 2144 1366 peracto

1156 1368 1345 1456 sacrificio,
1372 1373 1543 1462 ternplum
1565 1397 1629 1464 pro
1654 1398 1771 1459 ruore,
1796 1391 1837 1446 ut
1854 1378 2049 1446 matutinae
2064 1397 2146 1468 pre·

1157 1490 1213 1542 ces
1227 1471 1369 1552 tierent,
1394 1472 1556 1565 undique
1577 1489 1736 1565 apertum
1751 1491 1813 1550 est.
1865 1475 1948 1565 Quo
1964 1478 2056 1548 sacto
2072 1477 2146 1558 ille,

1158 1571 1219 1664 qui
1235 1583 1307 1642 tota
1322 1574 1608 1659 noctelatueret,
1631 1600 1668 1646 re
1688 1578 1842 1667 inspecta
1860 1579 1936 1648 sine
1950 1580 2052 1649 omni
2070 1579 2145 1648 dis·

1159 1673 1329 1759 crimine,
1370 1674 1498 1759 evasit,
1533 1691 1567 1746 et
1598 1680 1636 1745 in
1669 1679 1786 1748 vicino
1818 1681 1971 1770 quodam
1998 1681 2145 1771 oppido,

1159 1775 1297 1844 consuli
1313 1800 1387 1846 rem
1406 1792 1443 1847 ut
1456 1790 1550 1864 gesta
1564 1793 1665 1862 esset,
1688 1780 1857 1868 exposuit,
1882 1781 2048 1872 seipsum
2063 1781 2146 1850 viu·

1158 1877 1247 1945 culis
1262 1891 1297 1948 et
1311 1871 1443 1948 carceri
1464 1879 1636 1965 offerens,
1659 1879 1690 1950 si
1705 1881 1815 1950 falsus
1829 1883 1965 1952 delator
1984 1905 2147 1973 comper-

1158 1989 1215 2046 tus
1237 1991 1336 2050 esset„
1392 1976 1514 2071 ltaque
1539 1993 1709 2051 cessatum
1733 1977 1826 2052 nihil
1846 1997 1914 2064 est,
1948 1996 1988 2054 ut
2007 1983 2145 2053 indica·

1159 2091 1320 2148 tumeret
1337 2079 1521 2150 inventum
1541 2081 1678 2154 fucinus
1693 2085 1819 2153 auditu
1829 2083 1978 2177 ¹visuque
1995 2078 2146 2154 horreu-

1159 2179 1257 2256 dum.
1306 2177 1458 2253 Reclusa
1489 2181 1732 2266 eniminum,
1763 2185 1929 2257 inventae
1958 2198 2043 2257 sunt
2066 2197 2146 2256 octo

1160 2281 1408 2368 mulierculae,
1432 2305 1560 2372 magno
1584 2306 1729 2354 suorum
1752 2309 1831 2354 curn
1850 2287 1969 2372 luctu,
1993 2309 2083 2381 quae
2100 2287 2147 2358 ab

1160 2383 1231 2450 illis
1245 2383 1289 2452 ad
1306 2397 1426 2473 stupra
1443 2401 1580 2474 raptae,
1606 2399 1641 2454 et
1662 2401 1800 2478 postea,
1824 2411 1870 2458 ne
1892 2411 1961 2481 qua
1983 2383 2053 2460 lroc
2073 2411 2148 2458 sce-

1160 2485 1215 2552 lus
1229 2497 1421 2570 emanaret,
1445 2486 1646 2556 interfectae
1665 2490 1820 2559 fuerunt.
1870 2487 2022 2583 Arrepto
2038 2489 2148 2580 igitur

1159 2585 1298 2658 Abbate
1314 2611 1394 2656 cum
1410 2601 1542 2678 septem
1560 2588 1639 2658 aliis
1657 2585 1860 2676 monachis,
1893 2605 1928 2662 et
1950 2593 1987 2662 in
2003 2591 2146 2661 vincula

1159 2689 1326 2758 coniectis
1339 2691 1527 2773 omuibus,
1550 2712 1605 2758 res
1622 2692 1788 2762 nunciata
1811 2706 1863 2764 est
1884 2693 1958 2782 regi
1974 2689 2147 2782 Augusto.

1162 2787 1211 2872 ls,
1235 2789 1353 2858 nescio
1375 2815 1422 2863 au
1442 2791 1534 2860 iusto
1550 2789 1637 2860 Zelo
1659 2817 1705 2860 an
1728 2817 1811 2862 vero
1833 2795 1989 2884 impulsu
2012 2795 2149 2878 divino,

1159 2914 1218 2960 eos
1232 2891 1513 2974 vinctoscateuis
1537 2892 1573 2960 in
1599 2917 1722 2977 curru,
1747 2917 1874 2982 magna
1899 2895 2148 2986 properatione

1159 2987 1351 3082 Augustam
1369 2993 1515 3085 perduci
1532 2993 1672 3067 iuravit.
1723 2991 1911 3078 Ceterum,
1945 3019 2050 3088 quam
2067 3018 2148 3085 pus-

1159 3094 1232 3164 suri
1247 3093 1319 3162 sint
1334 3095 1543 3164 senteutiam
1559 3089 1675 3164 adhuc
1689 3096 1823 3164 nemini
1841 3109 1988 3167 constat.
2032 3095 2147 3182 Pater,

1159 3219 1318 3266 reversus
1335 3221 1375 3265 ex
1389 3195 1557 3278 Virnaria,
1581 3197 1776 3287 periculose
1790 3211 1965 3288 aegrotat3
1984 3199 2148 3268 dextrum

1159 3295 1255 3368 enim
1270 3299 1362 3367 latus
1377 3313 1427 3368 est
1442 3299 1547 3390 plane
1563 3311 1762 3382 mortuum,
1787 3299 1856 3384 ita,
1881 3313 1922 3370 ut
1941 3322 2006 3368 nec
2021 3301 2145 3388 pedem

1159 3423 1224 3470 nec
1245 3424 1390 3468 manum
1412 3425 1554 3470 movere
1574 3400 1696 3489 possit.
1746 3397 1843 3470 Bene
1865 3411 1899 3470 et
1920 3399 2068 3470 feliciter
2085 3423 2147 3468 va·

1161 3501 1239 3572 lete.
1298 3497 1365 3572 Die
1385 3516 1600 3594 pentecostes
1623 3495 1729 3572 1555.

1579 3617 1625 3688 D.
1644 3616 1689 3692 Τ.
1704 3612 1861 3688 Michael
1876 3617 2044 3713 Meyenb.
2062 3612 2099 3715 ‘)

1160 3967 1226 4043 No.
1240 3967 1355 4046 5798.

1167 4065 1338 4102 unm

2024 3989 2056 4050 3.
2077 3975 2147 4046 lun.

2012 4073 2144 4104 Μ

1161 4161 1430 4296 Philippus,
1466 4165 1675 4282 Landgr.
1700 4171 1767 4258 od
1787 4171 2146 4270 Meluatloaem.

1220 4346 1339 4402 'liditn
1359 4346 1429 4404 etur.
1449 4365 1468 4400 a
1484 4343 1616 4402 nummu
1628 4345 1663 4402 ‘in
1684 4345 1742 4401 vn·
1762 4346 1878 4417 Philippi
1901 4345 1977 4402 hnc
2010 4365 2051 4403 er.
2068 4349 2147 4406 flere.

1262 4413 1326 4539 {pit
1339 4415 1514 4557 pipi&
1535 4415 1600 4475 eall.
1619 4419 1734 4484 uteret
1752 4419 1837 4486 velo.
1849 4423 1891 4476 tet
1905 4425 1975 4482 prote
1995 4418 2147 4490 depictor.

1159 4635 1454 4742 (Philippus,
1491 4636 1766 4735 'Inapdgruuiue
1787 4637 1952 4714 Hassr‘ae
1975 4635 2032 4711 ad
2054 4633 2147 4713 Phr·-

1419 4740 1561 4842 Iippum
1577 4739 1889 4838 Melamdoncm.)

1160 4875 1293 4984 Uolero
1315 4889 1472 4988 galtiam
1489 4889 1585 4982 dirui
1607 4909 1715 4982 potor.
1763 4889 2030 4984 pertractemus,
2055 4893 2147 4967 luber

1156 5007 1294 5090 getteuet
1317 5001 1380 5089 unt
1398 4993 1585 5078 belonbetec.
1636 4991 1709 5073 llilit
1732 4991 1832 5080 babeo
1848 4995 1908 5064 mit
1923 5011 2002 5086 gom
2019 4995 2148 5086 mene

1157 5107 1218 5209 tem
1235 5095 1376 5214 duell
1399 5109 1600 5167 auronum
1621 5111 1691 5164 ruet
1706 5091 1900 5190 &aperilem
1925 5095 2087 5189 tontetlid)
2104 5103 2147 5170 tc

1158 5253 1370 5284 ...u-..Au

1162 5359 1395 5508 ''Qsstfflnlm
1417 5361 1561 5437 proiectus
1577 5372 1633 5434 ul,
1658 5372 1688 5420 ul
1706 5365 1788 5424 docet
1813 5383 1858 5440 cp.
1874 5363 1945 5422 tint.
1969 5365 1999 5422 tl·
2015 5363 2059 5424 15.
2076 5365 2145 5439 Ape.
