4808 6176
216 313 293 390 ⁸88
799 289 1239 376 natsrouattttn
1287 293 1398 378 utta
1420 295 1507 381 XII.
1557 294 1691 382 test.
2184 303 2260 384 set

171 543 175 552 .
224 510 316 586 qaae
338 503 443 556 verae
466 475 649 554 doctrinae
669 473 784 547 forma
802 487 838 547 et
852 473 1001 546 immota
1013 470 1217 548 testimonia
1267 473 1428 546 omnium
1452 485 1654 570 temporam
1675 473 1823 560 mundi,
1854 473 1941 551 inde
1963 502 2116 578 usquea
2141 479 2260 574 prima

224 590 354 664 tradita
375 588 466 668 sint,
492 583 556 678 qui
577 579 722 653 refutati
742 579 815 650 sint
830 600 978 653 errores,
1029 575 1150 671 Atque
1166 575 1216 646 ita
1267 585 1390 648 rerum
1417 578 1616 662 creatione,
1645 601 1751 674 quam
1780 581 1904 654 recitat
1923 579 2099 656 Historia
2129 583 2260 658 tradita

225 717 263 766 se
288 699 516 785 praeparent,
542 698 584 756 ut
606 683 760 773 cogitent
774 679 977 772 Principem
990 679 1091 771 pium
1108 700 1217 768 opor·
1266 677 1465 766 Ecclesiae,
1501 703 1615 776 usque
1646 683 1691 752 ad
1724 677 1819 754 hanc
1841 699 1999 757 nostram
2023 697 2192 772 aetatem,
2224 699 2259 758 et

225 809 300 870 tere
324 791 481 864 Iudicem
506 809 580 856 esse
595 799 773 856 tantarum
791 807 930 866 rerum,
961 781 1046 876 quia
1064 779 1217 850 subinde
1268 782 1481 852 conserenda
1498 796 1581 854 sunt
1598 777 1705 854 huius
1719 785 1841 856 aetatis
1856 789 2049 858 certamina
2066 789 2112 859 ad
2127 802 2260 864 vetera.

226 894 419 971 certamina
435 891 575 984 piorum
592 886 720 956 similia
736 897 935 958 moventur.
970 883 1055 953 ldeo
1070 894 1104 953 et
1119 880 1218 953 Deus
1267 881 1535 955 Consideranda
1557 898 1608 955 est
1628 885 1734 957 etiam
1757 887 1866 959 series
1881 887 2197 982 Monarchiarum,
2224 901 2262 961 et

226 996 400 1094 praecipit
413 988 527 1063 Dent.
549 988 608 1060 17.
624 1003 664 1058 ut
679 985 757 1059 Rex
771 988 864 1077 legat
878 986 1021 1055 divinos
1036 985 1159 1070 libros,
1183 995 1218 1053 et
1269 985 1497 1076 cogitandum
1530 987 1575 1057 de
1600 989 1768 1079 periculis
1794 985 1901 1062 huius
1925 992 2073 1064 ultimae
2097 1005 2261 1063 senectae

228 1103 280 1174 eis
293 1100 530 1188 obtemperet,
555 1104 590 1162 ει
602 1091 649 1161 sit
661 1101 777 1158 custos
793 1089 870 1159 eius
886 1087 1088 1173 doctrinae,
1112 1109 1158 1156 ue
1172 1085 1217 1156 ab
1269 1087 1418 1174 mundi,
1443 1087 1482 1156 iu
1498 1112 1567 1182 qua
1582 1112 1662 1159 curn
1681 1106 1839 1164 crescant
1853 1094 2096 1181 confusiones,
2121 1094 2262 1164 maiore

226 1204 304 1277 ullo
324 1211 501 1282 mutetur,
529 1217 619 1265 neve
640 1190 859 1282 corruptelae
882 1189 1109 1259 misceantur.
1169 1183 1219 1258 Et
1269 1214 1352 1262 cura
1368 1187 1553 1282 Principes
1573 1190 1623 1262 ita
1646 1191 1790 1264 foveant
1805 1190 1999 1282 Ecclesias,
2021 1211 2064 1269 ut
2079 1199 2125 1267 ad
2138 1209 2265 1289 poste-

227 1296 364 1376 David
391 1299 587 1370 moriturus
617 1291 837 1365 severissime
857 1289 931 1362 lilio
954 1289 1146 1384 praecipit,
1177 1300 1219 1360 ut
1269 1313 1327 1361 ros
1349 1303 1624 1374 conserventur,
1652 1317 1698 1363 ne
1718 1296 1805 1366 tales
1828 1297 1993 1368 tenebrae
2005 1312 2205 1393 sequantur
2221 1299 2264 1368 in

226 1406 332 1498 Legis
348 1401 490 1474 divinae
504 1409 622 1468 custos
638 1395 693 1466 sit.
1008 1452 1011 1458 ,
1269 1388 1325 1463 his
1346 1392 1569 1484 regionibus,
1595 1395 1716 1488 quales
1736 1421 1833 1468 nuuc
1856 1413 1941 1471 sunt
1960 1401 1999 1470 in
2014 1423 2144 1490 magna
2160 1416 2266 1493 parte

330 1501 488 1597 Legendi
509 1511 594 1569 suut
616 1497 727 1588 igitur
749 1491 834 1564 libri
850 1488 1055 1586 Prophetici
1072 1505 1106 1564 ει
1118 1485 1219 1585 Apo-
1270 1495 1367 1565 orbis
1385 1507 1579 1581 terrarum,
1604 1496 1644 1565 in
1661 1492 1776 1581 Asia,
1800 1499 1956 1598 Africa,
1981 1515 2016 1572 ει
2033 1503 2161 1573 multis
2175 1499 2267 1573 Ea-

228 1606 367 1689 stolici,
412 1618 448 1676 ει
480 1599 724 1691 cognoscenda
756 1610 808 1668 est
839 1592 1018 1666 Ecclesiae
1045 1593 1219 1682 Historia,
1271 1616 1381 1694 ropac
1403 1597 1574 1690 partibus.
1624 1597 1851 1671 Distribuant
1871 1603 1976 1673 etiam
1992 1601 2175 1675 Historias
2198 1629 2264 1676 ne-

227 1724 403 1808 quautum
433 1701 597 1795 cognosci
619 1712 761 1791 potest,
791 1698 957 1768 discenda
980 1711 1019 1774 et¹
1037 1695 1218 1792 Symbola,
1270 1699 1446 1788 gotiorum
1480 1695 1639 1770 civilium
1673 1701 1712 1770 in
1743 1699 1911 1794 Decalogi
1938 1707 2121 1789 membra,
2159 1722 2197 1780 et
2223 1707 2263 1778 io

228 1810 506 1887 considerandae
538 1803 762 1892 singulorum
788 1799 987 1870 seculorum
1012 1812 1216 1868 controver-
1270 1799 1420 1890 singulis
1452 1801 1695 1889 considerent,
1725 1827 1815 1896 quae
1846 1807 2044 1878 laetasint
2074 1808 2258 1894 imitanda,

227 1917 299 1988 siae
323 1927 361 1984 et
382 1907 513 1982 iudicia
537 1905 693 1998 piorum.
742 1899 790 1974 Et
814 1903 896 1994 quia
922 1899 1019 1972 Deus
1041 1901 1121 1971 vult
1145 1923 1218 1971 esse
1270 1927 1359 1996 quae
1373 1900 1560 1992 fugienda,
1583 1903 1647 1972 ubi
1665 1905 1863 1978 testimonia
1884 1911 2103 1981 mandentur
2113 1911 2249 1981 divinae

226 2013 466 2092 ministerium
481 2006 634 2080 docendi
650 2005 689 2074 in
705 1999 884 2089 Ecclesia,
907 2018 948 2074 ut
965 2003 1122 2074 iuniores
1136 2026 1219 2072 eru-
1269 2004 1535 2097 providentiae,
1559 2027 1695 2096 poenae
1710 2019 1744 2078 et
1759 2007 2006 2097 liberationes,
2030 2013 2096 2084 ubi
2109 2011 2250 2083 consilia

225 2121 374 2190 tliantur
390 2133 551 2184 sermone
567 2120 769 2178 sanctorum
782 2105 969 2186 librorum,
994 2105 1084 2176 etde
1098 2127 1217 2173 rerum
1270 2105 1536 2197 gobematiouis
1565 2122 1811 2200 proponantur
1838 2111 1878 2180 iu
1899 2113 2079 2202 fugiendis
2100 2114 2258 2185 dissimi-

227 2221 375 2304 ordine,
402 2214 579 2307 sapienter
601 2207 782 2300 eligendae
794 2221 878 2278 suut
890 2208 1029 2300 aliquae
1043 2205 1218 2298 interpre-
1270 2209 1358 2278 lium
1382 2209 1604 2288 foederibus,
1634 2213 1673 2278 iu
1695 2212 1851 2284 vitandis
1873 2215 1977 2284 bellis
2000 2239 2075 2284 non
2099 2239 2263 2288 neeessa-

227 2322 378 2395 tationes
399 2315 585 2412 propiores
605 2312 785 2396 sontibus,
812 2332 902 2404 quae
927 2309 966 2376 in
982 2307 1140 2377 materiis
1153 2305 1221 2375 ob-
1271 2309 1353 2394 riis,
1382 2309 1422 2378 in
1446 2311 1607 2379 arcendis
1629 2314 1824 2384 seminibus
1847 2317 2128 2406 perniciosarum
2145 2333 2266 2392 muta-

227 2429 340 2498 scuris
364 2422 538 2492 adiuvent
558 2415 749 2504 legentem,
780 2424 816 2482 et
837 2433 991 2482 summas
1013 2433 1133 2479 rerum
1158 2431 1218 2479 or-
1271 2413 1431 2514 tiouum,
1457 2411 1497 2479 in
1513 2412 1696 2484 retinenda
1713 2416 1964 2487 coniunctione
1976 2443 2055 2488 cum
2073 2423 2266 2492 ordinario

228 2528 313 2598 dine
330 2524 542 2595 monstrent.
1271 2513 1438 2596 domino,
1466 2537 1545 2584 cum
1570 2513 1715 2602 vicinis,
1740 2530 1775 2587 et
1793 2519 1959 2608 fugienda
1974 2520 2144 2592 societate
2161 2547 2268 2615 pere-

331 2627 478 2698 Necesse
504 2634 557 2691 est
583 2619 693 2710 igitur
713 2630 807 2688 recte
828 2614 962 2686 discere
985 2605 1220 2684 Gramman'-
1271 2615 1473 2704 grinorum‚
1504 2614 1567 2708 qui
1594 2628 1731 2688 tantum
1753 2619 1833 2690 ideo
1855 2621 2023 2694 simulant
2043 2645 2081 2693 se
2103 2626 2267 2698 conium

228 2754 290 2802 cen
299 2782 310 2816 ,
336 2721 578 2808 Dialecticen,
604 2735 640 2792 et
652 2717 837 2789 Elementa
850 2709 1077 2786 Rhetoricss.
1127 2712 1218 2784 Nam
1271 2717 1424 2788 ctionem
1453 2739 1533 2785 cum
1565 2711 1798 2789 Germanicis
1826 2720 2052 2814 Principibus
2083 2727 2268 2818 adpetere,

229 2834 305 2904 siue
325 2826 381 2899 his
403 2827 538 2899 artibus
563 2828 607 2893 de
625 2845 752 2912 genere
766 2820 956 2902 sermonis,
980 2833 1014 2890 et
1031 2817 1075 2886 de
1091 2816 1221 2886 dillici-
1271 2819 1353 2912 quia
1386 2818 1586 2888 existimant
1613 2820 1682 2890 sibi
1704 2823 1791 2894 utile
1815 2847 1888 2893 esse
1912 2819 2162 2897 Germaniam
2186 2845 2265 2902 tur.

228 2935 322 3004 libus
346 2927 596 3002 controversiis
621 2948 726 2993 nemo
753 2922 908 2992 iudicare
930 2933 1055 3012 potest.
1109 2915 1156 2988 Et
1180 2931 1220 2986 ut
1272 2922 1366 2990 bare.
1399 2917 1489 2990 Cum
1502 2919 1541 2988 iu
1557 2915 1614 2990 bis
1629 2923 1811 3004 doctrinis,
1835 2927 1880 2996 de
1894 2927 2128 3020 quibusdiri,
2152 2929 2266 3002 Prin-

226 3032 294 3108 lrae
329 3049 422 3104 artes
455 3030 720 3118 intelligantur,
761 3027 953 3093 exercenda
988 3035 1041 3092 est
1072 3011 1219 3088 Latina
1272 3045 1352 3114 ceps
1374 3044 1411 3090 se
1436 3022 1661 3093 mediocriter
1680 3029 1891 3113 exercuerit,
1917 3029 2020 3100 valde
2043 3035 2193 3121 prodest
2209 3037 2266 3106 di·

228 3139 368 3228 lingua,
395 3147 431 3205 et
446 3133 632 3203 formanda
653 3128 744 3221 stylo
759 3126 885 3198 oratio.
936 3123 1005 3194 Hic
1019 3123 1122 3193 labor
1138 3121 1169 3190 ei
1186 3134 1221 3191 ει
1272 3148 1366 3194 scere
1390 3147 1492 3209 eum,
1524 3137 1559 3194 et
1582 3126 1685 3198 initia
1707 3130 1889 3198 doctrinae
1912 3131 2266 3222 iurisconsultorum,

227 3238 443 3309 necessarius
466 3249 538 3314 est,
563 3231 646 3324 quia
664 3229 849 3319 Principes
867 3249 968 3314 saepe
987 3249 1067 3294 cum
1086 3237 1219 3293 extera·
1272 3239 1313 3296 ut
1332 3225 1418 3294 sciat
1444 3224 1615 3296 iustitiam
1638 3243 1748 3300 certas
1768 3254 1912 3301 normas
1935 3229 2082 3323 habere,
2108 3263 2262 3331 quarum

226 3367 306 3412 rum
331 3338 489 3429 gentium
512 3331 720 3404 bominibus
744 3353 870 3400 arcana
894 3325 1071 3419 colloquia
1089 3320 1220 3393 habere
1271 3329 1351 3398 lons
1374 3324 1656 3418 estDecalogus,
1690 3343 1723 3401 et
1750 3333 1878 3403 deinde
1901 3359 1942 3404 er
1963 3359 2005 3406 eo
2029 3337 2256 3412 doctrinale-

227 3455 367 3535 oportet
393 3441 437 3509 de
460 3437 608 3506 summis
632 3434 758 3515 rebus,
798 3431 861 3499 ubi
887 3428 1030 3518 linguae
1052 3419 1221 3496 Latinas
1272 3453 1355 3519 gum
1371 3441 1526 3498 extructa
1545 3445 1612 3503 est:
1639 3445 1675 3504 et
1690 3433 1874 3505 eximenda
1889 3449 1943 3507 est
1957 3438 2160 3529 perniciosa
2175 3443 2255 3512 ina-

226 3566 312 3616 usus
346 3538 560 3609 necessarius
587 3546 652 3606 est.
714 3530 961 3628 inconvento
988 3521 1221 3612 Coloniensi,
1272 3530 1426 3622 ginatio,
1458 3554 1548 3624 quae
1579 3533 1699 3624 lingit,
1731 3537 1823 3626 leges
1853 3560 1926 3606 esse
1950 3553 2140 3630 potentum
2168 3544 2263 3616 arbi·

229 3658 417 3738 postquam
433 3631 597 3710 Carolus
615 3647 804 3704 coronatus
820 3645 905 3714 erat,
930 3633 1013 3700 Dur
1026 3625 1222 3700 Senoniae
1274 3635 1359 3713 tria,
1382 3631 1459 3700 sine
1477 3633 1578 3702 metis
1593 3635 1738 3722 divinis,
1759 3649 1821 3707 aut
1835 3638 1892 3708 ius
1906 3663 1980 3712 esse
1996 3643 2172 3736 quicquid
2189 3648 2266 3739 pla-

227 3733 463 3822 Fridericns,
503 3741 603 3809 cuius
640 3749 728 3806 tunc
762 3757 900 3805 summa
934 3745 1008 3802 erat
1041 3731 1221 3817 autoritas,
1273 3749 1327 3804 cet
1340 3731 1587 3823 Principibus,
1619 3752 1680 3807 aut
1706 3736 1864 3810 lustitiae
1887 3743 2050 3812 ordinem
2072 3744 2268 3840 intelligia

227 3871 329 3938 saepe
345 3844 483 3913 arcanis
499 3837 816 3910 deliberationibus
829 3835 1009 3914 intererat,
1035 3834 1097 3903 ubi
1114 3833 1222 3902 Prin·
1274 3836 1433 3930 quolibet
1447 3835 1524 3904 siue
1539 3839 1700 3911 doctrina
1716 3855 1750 3912 et
1765 3841 1841 3910 sine
1856 3837 1911 3912 his
1924 3844 2104 3932 fontibus,
2124 3874 2168 3919 ex
2186 3855 2268 3946 qui-

228 3950 324 4040 cipes
349 3959 487 4018 tautum
500 3935 641 4010 Latine
663 3940 969 4032 colloquebantur.
1021 3933 1221 4028 Aliquoties
1275 3940 1341 4008 bus
1372 3937 1465 4028 leges
1498 3939 1675 4026 oriuntur.
1734 3939 1884 4016 Prodest
1909 3945 2019 4035 igitur
2043 3945 2267 4044 Decalogum

228 4053 338 4140 igitur
369 4050 515 4117 clomum
550 4065 728 4123 reversus,
763 4037 974 4118 hortabatur
1000 4035 1156 4109 Comites
1187 4049 1223 4107 et
1274 4040 1457 4130 sapienter
1469 4043 1627 4112 enarrari
1650 4041 1828 4134 Principi,
1868 4059 1904 4116 et
1929 4043 2014 4118 hinc
2038 4051 2122 4120 duci
2144 4053 2267 4144 legum

226 4153 316 4225 alios
333 4150 473 4220 nobiles
490 4147 603 4223 viros,
625 4155 847 4236 utcurareut
864 4141 955 4210 filios
973 4139 1092 4210 doceri
1108 4133 1222 4209 Lati·
1274 4142 1614 4244 demonstrationes,
1653 4157 1688 4215 et
1723 4145 1834 4214 inseri
1866 4147 1996 4219 animis
2022 4145 2115 4220 hanc
2141 4179 2268 4226 veram

227 4277 318 4326 nam
339 4251 518 4340 linguam,
544 4247 628 4341 quia
647 4267 731 4316 usus
754 4243 882 4313 sinsin
899 4241 1115 4332 gravissimis
1132 4240 1222 4311 deli·
1274 4243 1504 4330 senteutiam3
1539 4243 1712 4315 iustitiam
1734 4240 1866 4317 habere
1887 4263 1998 4321 metas
2013 4253 2191 4326 divinitus
2208 4283 2269 4328 or-

227 4355 472 4429 berationibus
491 4349 708 4420 necessarius
729 4359 828 4416 esset.
871 4343 1010 4414 Multae
1026 4344 1130 4414 etiam
1149 4343 1224 4413 dis-
1275 4347 1434 4430 dinatas,
1473 4358 1507 4414 et
1532 4343 1649 4418 Deum
1676 4347 1856 4419 vindicem
1884 4373 1958 4422 esse
1983 4355 2153 4426 audaciae
2180 4383 2270 4431 con-

227 4459 430 4552 putationes
461 4449 729 4523 Ecclesiasticae
762 4461 797 4517 et
826 4445 913 4515 olim
946 4445 1094 4536 scriptae
1127 4458 1223 4530 sunt,
1276 4447 1464 4530 temnentis
1479 4447 1558 4516 illas
1573 4462 1693 4518 metas.
1745 4449 1847 4521 Sicut
1863 4453 2032 4546 scriptum
2049 4471 2101 4528 est
2118 4455 2272 4532 Esaiae

227 4577 262 4632 et
285 4560 492 4631 scribuntur
513 4552 695 4647 quotidie,
721 4571 873 4643 quarum
895 4546 1066 4638 plurimas
1082 4544 1224 4616 Princi-
1279 4550 1337 4620 10.
1362 4544 1407 4622 V
1401 4571 1444 4616 ac
1467 4541 1549 4634 itis,
1573 4549 1642 4648 qai
1661 4545 1821 4621 condunt
1843 4548 1941 4647 leges
1960 4551 2019 4625 ini
2043 4581 2131 4647 aas,
2159 4571 2195 4634 et
2212 4563 2267 4634 in.

228 4687 289 4760 pes
314 4661 402 4731 sclre
427 4677 566 4728 necesse
595 4667 657 4722 est.
718 4651 791 4722 Nec
814 4647 988 4719 Forenses
1017 4661 1224 4718 coutrover-
1276 4650 1376 4720 insta
1401 4643 1564 4735 decreta,
1597 4658 1636 4720 nt
1658 4649 1870 4748 opprimant
1902 4652 1942 4726 in
1966 4579 2105 4731 iaiicio
2123 4687 2268 4764 paupe-

227 4766 295 4835 sias
321 4763 396 4831 siue
420 4763 541 4848 lingua
562 4747 712 4824 Latina
732 4751 930 4840 intelligere
947 4763 1111 4840 possunt,
1138 4771 1225 4844 quas
1277 4777 1360 4824 rem.
1400 4747 1452 4820 Ac
1465 4753 1579 4822 bonae
1594 4754 1705 4823 menti
1717 4757 1821 4825 valde
1838 4757 1927 4828 utile
1941 4773 1993 4830 est
2008 4775 2041 4832 et
2056 4763 2272 4848 iucundum,

227 4891 308 4938 cum
332 4865 489 4933 iudicare
518 4861 689 4942 debeant,
714 4856 872 4944 linguam
897 4852 986 4920 scire
1008 4864 1224 4924 necesseest.
1277 4854 1474 4942 intelligere
1496 4855 1573 4922 illas
1599 4853 1757 4926 lustitiae
1779 4869 1908 4946 metas,
1940 4875 1975 4934 et
1996 4886 2189 4953 agnoscere
2212 4893 2271 4938 eas

229 4969 351 5058 Quare
375 4963 544 5052 Princeps
577 4951 924 5048 liuguaeLatinnc
956 4952 1116 5023 studium
1149 4975 1223 5021 non
1276 4979 1349 5026 esse
1371 4952 1439 5024 Dei
1462 4956 1671 5047 sapientiam
1695 4970 1729 5028 et
1754 4958 1944 5048 iustitiam,
1984 4977 2017 5035 et
2041 4969 2273 5042 considerare

226 5067 378 5142 omittet.
443 5064 581 5132 vetlem
603 5076 720 5131 autem
744 5070 779 5128 ει
803 5049 942 5126 Graece
971 5077 1051 5124 enm
1084 5067 1222 5124 tantum
1277 5056 1509 5150 praesentiam
1527 5055 1615 5143 Dei,
1640 5059 1745 5130 etiam
1761 5060 1800 5129 iu
1812 5061 1956 5153 politica
1971 5068 2246 5154 gubernatione.

228 5173 384 5254 discere,
415 5182 450 5238 ut
473 5163 650 5233 Historias
669 5155 834 5230 Graecas
852 5171 885 5228 et
905 5158 988 5226 novi
1005 5155 1225 5225 Testamenti
1378 5155 1476 5227 Utile
1499 5158 1567 5228 erit
1588 5161 1633 5230 ad
1657 5154 1751 5231 banc
1764 5161 2025 5236 institutionem
2039 5173 2182 5244 tradere
2199 5177 2277 5246 els-

227 5276 344 5344 sontes
360 5269 558 5355 intelligere
574 5276 701 5356 posset.
753 5257 811 5332 Ad
827 5253 913 5328 haec
929 5257 1048 5327 omnia
1064 5279 1226 5326 necessa·
1277 5271 1395 5328 menta
1411 5252 1566 5332 Ethica.
1618 5258 1732 5332 Mane
1751 5264 1913 5358 quotidie
1931 5267 2069 5357 legatur
2095 5283 2209 5372 capnt
2232 5272 2276 5346 in

228 5376 282 5444 ria
301 5387 337 5444 ει
356 5367 549 5442 Historiae
563 5363 740 5455 cognitio,
763 5387 831 5456 qua
848 5361 887 5429 in
903 5383 942 5430 te
955 5357 1113 5451 primum
1128 5382 1226 5428 com·
1284 5355 1410 5430 Veteri
1431 5367 1644 5431 testamento
1666 5376 1702 5434 ει
1716 5358 1896 5438 Psalmus
1909 5369 2054 5457 ordine,
2080 5387 2116 5446 et
2131 5379 2276 5448 addan.

230 5478 342 5570 plecti
367 5495 488 5548 omnes
505 5465 670 5539 homines
689 5487 763 5536 non
779 5461 930 5535 stolidos
945 5473 1087 5556 oportet
1100 5459 1227 5532 seriem
1281 5477 1338 5536 tur
1361 5461 1523 5559 precatio
1545 5455 1602 5532 ad
1611 5457 1756 5554 Deum,
1780 5482 1815 5542 et
1832 5467 2046 5565 gratiarnm
2062 5475 2179 5548 actio:
2207 5503 2280 5550 nec
