4720 6170
199 263 248 336 67
757 250 1197 332 urtsrontuum
1249 255 1469 332 LlB.·XlL
1506 256 1657 338 :tuea-
2182 261 2228 338 68
2336 315 2337 332 ,

200 433 315 514 tendit
346 429 640 503 divinitatem‘in
662 419 1083 526 Christo,·rtir-i.dyor‚
1120 450 1194 496 esse
1248 427 1371 517 scripsi
1395 421 1477 524 εἷ’)
1502 429 1697 500 demodis·
1720 429 1918 524 loquendi,³
1942 455 1999 504 me
2019 445 2161 522 optare,
2194 449 2233 506 ut
2337 504 2338 514 ,

202 538 314 624 ipsam
345 533 430 620 legis
454 534 633 604 notitiam.
691 531 807 601 Multa
830 545 913 600 sunt
934 543 1120 620 portenta,
1150 531 1194 596 de
1248 529 1328 598 illas
1350 543 1385 598 et
1404 551 1470 598 vos
1485 543 1609 600 etmos
1629 553 1840 624 sequamur,
1875 549 1909 604 et
1932 539 2135 604 constanter
2152 537 2233 604 reti·
2337 543 2338 572 ¹

202 637 333 728 quibus
347 637 433 704 elias
450 634 586 724 prolixe
603 633 764 705 scribam.
807 631 939 701 Missus
954 624 1195 700 anabaud-
1248 655 1393 702 neamus
1410 643 1561 708 veterem
1575 633 1746 726 loquendi
1758 636 1927 718 somnam,
1952 639 2181 727 approbatam
2197 637 2233 704 in
2337 637 2338 662 l

200 733 334 830 gravio
349 738 391 806 ad
407 731 607 832 Soeppium
622 749 655 805 et
674 737 717 802 ad
736 757 802 805 me.
854 731 1067 816 Gloriatur,¹
1087 757 1125 802 se
1140 731 1193 800 ire
1247 733 1383 824 syuodo
1400 727 1593 824 Ephesium
1618 737 1817 806 modoetia
1834 737 2011 827 deinceps.
2049 734 2233 826 Quaestio-

204 865 265 930 per
285 837 536 919 Germaniam,
562 831 852 925 triumphantem.
905 833 1002 903 llaec
1024 834 1194 906 scireavos
1249 859 1327 901 uem
1347 857 1428 902 vero
1448 837 1492 904 de
1509 830 1725 921 mediatum,
1748 837 1900 908 iudicari
1917 861 2017 930 posse
2033 839 2235 930 exepistola

203 964 343 1010 necesse
371 945 434 1012 est.
485 939 581 1010 Scito
604 930 815 1005 Iohannem
847 937 1050 1005 ministrum
1075 959 1195 1004 meum
1247 937 1292 1004 ad
1318 932 1510 1008 Hebraeos.
1562 934 1616 1006 Ac
1641 947 1785 1028 prorsus
1806 939 1962 1019 affirmo,
1997 965 2052 1008 me
2073 940 2236 1010 invocare

204 1042 322 1111 virum
340 1041 600 1118 fidelissimum,
627 1053 661 1108 et
683 1034 786 1108 DEO
811 1061 931 1106 carum
949 1061 990 1106 ex
1014 1033 1081 1107 hae
1096 1061 1195 1106 mor-
1248 1036 1359 1106 filium
1374 1037 1461 1124 Dei,
1486 1033 1603 1108 Deum
1619 1053 1654 1109 et
1671 1035 1865 1124 homiuem,
1884 1047 1926 1110 'et
1944 1035 2035 1110 hanc
2051 1065 2238 1132 personam

204 1145 266 1214 tali
288 1143 370 1214 xvita
397 1145 442 1212 ad
474 1142 656 1210 coelestem
682 1137 877 1210 Ecclesiam
899 1154 1082 1208 evocatum
1110 1161 1195 1210 esse.
1248 1161 1436 1226 agnoscere
1461 1139 1712 1222 mediatorem,
1747 1141 1839 1212 sicut
1867 1141 2004 1234 iuquit:
2039 1141 2169 1212 Venite
2194 1145 2238 1212 ad

203 1243 283 1314 Etsi
308 1245 404 1312 enim
427 1244 493 1333 ipsi
517 1243 725 1331 gratulanda
751 1256 802 1338 est
825 1241 1028 1310 dulcissima
1044 1263 1195 1310 consue·
1247 1263 1303 1308 me
1320 1243 1519 1334 omnesqui
1536 1242 1704 1314 laboratis
1721 1245 1905 1314 etouerati
1922 1243 2023 1328 estis,
2048 1258 2082 1313 et
2097 1268 2164 1334 ego
2185 1269 2239 1313 re-

204 1347 291 1414 tudo
307 1371 387 1416 com
403 1345 476 1413 filio
492 1341 578 1426 Dei,
602 1369 682 1413 cum
704 1338 886 1433 prophetis
902 1356 936 1410 et
958 1356 1032 1412 toto
1055 1341 1195 1432 agmine
1247 1341 1361 1408 ficiam
1377 1365 1450 1412 vos.
1501 1344 1559 1414 De
1581 1339 1647 1413 hac
1663 1357 1734 1414 tota
1758 1369 1798 1418 re
1820 1345 2018 1434 longiorem
2039 1345 2106 1416 tibi
2128 1347 2240 1436 expli-

205 1448 363 1531 coelesti,
402 1461 518 1515 tamen
546 1467 609 1534 ego
638 1445 828 1532 multiplici
854 1445 978 1512 dolore
1003 1443 1195 1514 excrucior.
1247 1441 1422 1511 sationem
1456 1444 1605 1514 mittam.
1668 1443 1761 1514 lllud
1795 1460 1912 1516 autem
1945 1471 2019 1516 non
2051 1447 2239 1517 dissimulo

204 1547 355 1618 Funeris
385 1548 584 1640 frequentia
611 1547 718 1615 totius
745 1545 897 1616 civitatis
922 1545 1053 1615 iudicia
1081 1549 1125 1614 de
1152 1570 1191 1613 eo
1248 1544 1468 1632 displicuisse
1504 1541 1614 1630 mihi,
1657 1548 1751 1640 quod
1787 1547 1825 1615 iu
1861 1548 1953 1618 libro
1979 1541 2240 1643 Berlinensi')

205 1651 369 1720 ostendit.
420 1648 612 1742 Lacrymae
629 1646 846 1736 impediunt,
870 1672 939 1739 quo
955 1647 1075 1717 minus
1093 1648 1195 1738 plura
1247 1645 1417 1735 scriptum
1438 1660 1527 1732 erat,
1550 1642 1733 1718 Christum
1751 1651 1944 1718 secuudum
1963 1663 2155 1742 utramque
2178 1675 2239 1718 ua-

203 1753 345 1824 addam.
388 1749 488 1819 Beue
501 1751 590 1832 vale,
616 1747 776 1818 Salutem
791 1746 836 1822 D.
852 1747 897 1822 D.
913 1741 1095 1833 Iohanni,
1124 1742 1195 1814 Ar·
1247 1760 1362 1814 turam
1384 1762 1564 1819 mortuum
1587 1773 1671 1822 esse.
1720 1747 1870 1820 Nonsic
1892 1749 2240 1846 loquiturvetustas.

205 1848 338 1937 uulda,
371 1846 540 1920 Andreae
571 1863 604 1918 et
626 1849 727 1918 vobis
751 1850 918 1920 omuibus
943 1864 1039 1941 opto.
1090 1845 1195 1918 Tite·
1246 1843 1396 1916 Etiamsi
1419 1874 1500 1918 vera
1523 1863 1574 1920 est
1603 1851 1797 1941 propositio
1822 1851 1917 1921 iuxta
1942 1843 2238 1922 communicatio-

203 1946 902 2045 mrronus*)vocatusestadEcclesiam
918 1950 1195 2025 Goslarieusem.
1248 1973 1327 2016 uem
1353 1950 1577 2021 idiomatum:
1604 1949 1701 2022 Deus
1725 1967 1776 2024 est
1798 1967 1971 2028 mortuus.
2022 1952 2095 2024 Nec
2119 1969 2238 2026 tamen

387 2063 391 2070 '
662 2064 850 2160 Philippus
866 2065 1093 2143 Melanphon,
1248 2075 1371 2120 moveo
1398 2051 1508 2132 rixas,
1534 2055 1595 2122 sed
1624 2053 1821 2142 cogitabam
1845 2055 1932 2124 alios
1958 2069 2118 2125 moturos
2151 2079 2237 2126 esse:

842 2213 844 2218 .
1246 2175 1311 2220 nec
1342 2166 1377 2221 te
1408 2153 1647 2223 existimabam
1678 2151 1906 2225 architectum
1939 2155 2022 2224 libri
2051 2181 2146 2244 esse,
2179 2159 2236 2226 sed

1246 2253 1355 2322 alium
1374 2251 1424 2349 ⁴),
1449 2255 1512 2347 qui
1534 2279 1615 2326 suas
1637 2259 1806 2350 quasdam
1827 2257 1971 2326 delicias
1993 2259 2032 2326 in
2054 2259 2235 2352 loquendo

1246 2369 1361 2439 amat,
1387 2379 1452 2425 nec
1469 2358 1736 2448 proprietatem,
1762 2381 1826 2428 nec
1844 2359 2066 2451 antiquitatis
2086 2383 2235 2430 consue-

1246 2457 1407 2525 tudinem
1431 2459 1582 2528 retinere
1605 2461 1739 2542 studet,
1770 2473 1810 2528 ut
1836 2459 1910 2550 ipse
1939 2459 2097 2532 iudicare
2126 2475 2233 2554 potes.

1246 2555 1357 2648 Spero
1382 2571 1415 2627 te
1440 2559 1528 2630 lecta
1551 2574 1671 2630 nostra
1695 2561 1942 2651 responsione,
1967 2587 2073 2654 quam
2097 2565 2233 2633 mittam

1246 2659 1380 2752 inclyto
1399 2657 1574 2744 Electori‚
1601 2685 1674 2731 non
1694 2675 1930 2753 pugnaturum
1948 2683 2022 2732 esse
2038 2665 2230 2736 nobiscum.

1246 2755 1294 2830 Et
1312 2773 1344 2829 te
1359 2777 1503 2853 propter
1519 2761 1652 2831 Filium
1667 2761 1735 2832 Dei
1751 2777 1784 2832 et
1796 2760 1973 2833 Ecclesiae
1997 2765 2133 2834 salutem
2151 2786 2223 2842 oro,

1245 2875 1285 2932 ut
1308 2887 1429 2931 vocem
1452 2877 1486 2935 et
1507 2865 1729 2934 autoritatem
1756 2877 1851 2934 tuam
1875 2867 1920 2935 ad
1943 2867 2108 2955 tuendum
2127 2863 2221 2953 pium

1245 2987 1455 3033 consensum
1478 2965 1515 3032 in
1534 2962 1590 3034 his
1604 2965 1770 3035 Ecclesiis
1794 2980 1827 3036 et
1843 2961 2046 3036 Academiis
2064 2967 2226 3036 conteras.

211 2277 647 2292 -n—ua—-a-——a—*u--n--u

204 2409 270 2480 No.
287 2407 400 2482 5867.

210 2505 382 2534 ...m
1015 2411 1184 2531 eso

537 2587 599 2676 Α.
629 2590 853 2677 Museulo.

319 2768 414 2826 Manlii
433 2766 531 2839 larrag.
548 2768 615 2838 pat
629 2785 688 2839 sqq.

203 2922 269 3000 Ad
299 2922 441 2999 Andr.
472 2921 727 2996 diusculum
759 2924 799 2994 io
826 2919 996 3021 Agadem.
1022 2919 1194 2996 Franco-

195 3025 385 3128 sardiana
401 3025 430 3126 ¹)
456 3021 498 3098 de
523 3021 832 3143 modeuloqueodi
858 3025 1054 3100 secundum
1074 3026 1192 3100 ratio-

677 3127 684 3144 ,
1247 3063 1427 3154 Vagautur
1448 3067 1576 3158 passim
1591 3065 1714 3148 multi,
1740 3069 1801 3160 qui
1824 3081 1856 3137 et
1872 3067 2016 3140 dissidia
2034 3093 2148 3139 serere
2171 3091 2231 3136 co·

529 3153 609 3200 nem
627 3123 857 3205 adrumetum.

1244 3179 1395 3250 nautur,
1422 3181 1458 3238 ct
1478 3169 1617 3260 piorum
1635 3170 1893 3240 invocationem
1917 3173 2077 3242 turbant:
2104 3183 2143 3241 ut
2164 3193 2232 3238 nu·
2259 3173 2262 3180 “

203 3268 250 3354 S.
275 3279 320 3354 D.
358 3275 435 3368 Ego
450 3303 546 3362 vero,
572 3279 765 3348 reverende
780 3261 886 3346 viret
901 3270 1104 3344 charissime
1119 3276 1191 3344 fra.
1245 3291 1306 3358 per
1321 3283 1354 3338 et
1370 3263 1552 3338 Tamarus
1574 3271 1741 3339 fanaticas
1759 3271 1945 3362 opiniones
1967 3295 2132 3363 spargere
2156 3293 2234 3340 toe-

202 3399 267 3468 ter,
291 3383 346 3450 vel
360 3381 519 3473 quotidie
536 3395 648 3449 tecum
663 3378 819 3472 colloqui
833 3401 889 3446 me
905 3400 1006 3468 posse
1020 3389 1191 3467 optarem,
1244 3369 1306 3459 pit.
1357 3367 1536 3440 Adversus
1559 3372 1645 3441 tales
1673 3385 1834 3442 tueamur
1858 3373 2147 3443 coniunctionem
2170 3397 2236 3441 uo-

203 3509 277 3552 non
304 3483 348 3551 de
368 3483 492 3573 populi
516 3479 666 3563 fabul-is,
692 3483 753 3548 sed
775 3481 819 3547 de
842 3479 947 3548 rebus
970 3479 1130 3548 maximis
1144 3480 1189 3547 ad
1241 3485 1360 3544 stram.
1412 3469 1484 3542 Res
1499 3495 1644 3562 magnae
1665 3488 1764 3570 sunl,
1789 3475 1834 3542 (1²
1849 3475 1978 3568 qulbus
2001 3475 2070 3544 idm
2089 3475 2237 3546 disseri·

201 3585 383 3656 doctrinae
413 3582 681 3674 explicationem
711 3581 982 3671 pertinentibus.
1042 3577 1132 3648 Nam
1157 3594 1191 3650 et
1243 3595 1337 3642 mus:
1370 3575 1415 3640 de
1442 3573 1652 3644 Mediatoris
1673 3575 1912 3660 invocatione,
1937 3579 1981 3644 de
2005 3575 2239 3668 proprietati-

202 3687 311 3775 diligo
338 3701 390 3770 te,
423 3699 457 3754 et
483 3685 640 3754 studium
667 3685 797 3774 probo,
831 3695 865 3751 et
889 3695 972 3772 opto
1002 3682 1097 3749 iuter
1125 3703 1189 3749 nos
1242 3675 1306 3743 bus
1325 3698 1553 3765 personarum
1571 3677 1784 3762 divinarum,
1811 3691 1845 3747 et
1861 3679 1904 3746 de
1920 3677 2000 3746 aliis
2017 3679 2240 3772 quibusdam

201 3789 302 3880 pium
325 3809 553 3870 consensum,
578 3807 618 3852 ac
640 3785 677 3852 iu
699 3783 865 3852 omnibus
888 3779 943 3851 his
964 3779 1131 3852 Ecclesiis
1155 3797 1190 3853 et
1241 3777 1422 3845 doctrinae
1449 3778 1636 3860 membris,
1672 3779 1716 3847 de
1749 3780 1879 3871 qulbus
1911 3781 2102 3850 certamina
2139 3795 2243 3851 mota

202 3887 404 3958 Academiis
436 3901 643 3979 perpetuum
676 3909 760 3958 esse.
812 3883 932 3974 Quare
958 3883 1092 3954 silentii
1118 3884 1189 3952 mei
1241 3891 1325 3947 suut
1339 3892 1374 3948 et
1387 3878 1425 3946 iu
1442 3875 1581 3956 Gallico
1603 3880 1740 3962 littore,
1765 3894 1800 3952 et
1819 3880 1916 3950 alibi.
1966 3879 2019 3952 De
2042 3884 2182 3974 quibus
2206 3895 2242 3952 et

203 4016 344 4060 causam
369 4015 442 4059 nou
468 4005 567 4079 putes
587 3988 711 4058 iudicii
730 3987 785 4056 vel
807 3985 998 4056 voluntatis
1019 3985 1189 4056 mutatio·
1240 3993 1354 4050 teeum
1371 4003 1489 4052 coram
1505 3981 1661 4074 colloqui
1681 3982 1824 4062 vellem,
1850 3997 1885 4056 et
1901 3981 2095 4075 aliquando
2120 3985 2244 4056 eollo·

204 4118 303 4162 netu:
329 4094 390 4161 sed
407 4091 509 4160 exilia
529 4105 562 4164 ct
575 4091 665 4160 aliae
680 4113 867 4160 aerumnae
889 4111 990 4180 saepe
1006 4082 1092 4156 haec
1109 4087 1187 4156 offi-
1241 4106 1338 4174 quar·
1389 4079 1487 4152 B'ene
1517 4095 1553 4153 et
1581 4083 1730 4152 feliciter
1760 4083 1847 4157 vele.
1899 4083 1966 4154 Die
1996 4085 2053 4160 12.
2082 4081 2245 4179 Aprilis,

202 4196 254 4264 cia
273 4193 485 4284 impediunt.
537 4190 644 4281 Quod
660 4213 742 4260 vero
758 4181 882 4259 scribis
905 4202 973 4258 tea
989 4213 1046 4257 me
1068 4211 1188 4280 repre·
1240 4209 1335 4253 aneto
1357 4181 1466 4257 1553.

152 4371 171 4400 0
203 4293 353 4364 hcusurn
370 4317 453 4378 esse,
480 4293 672 4387 etquidem
690 4295 727 4360 in
744 4291 882 4381 scriptis
899 4289 1040 4381 publice
1056 4313 1188 4381 propo-

202 4397 294 4468 sitis:
323 4397 359 4464 id
382 4419 456 4464 uon
480 4397 553 4466 esse
576 4396 724 4478 factum,
751 4393 877 4483 scripta
893 4392 968 4484 ipsa
983 4394 1186 4473 ostendunt,

202 4523 292 4591 quae
313 4497 379 4568 tibi
395 4499 516 4568 mitto:
544 4519 696 4590 quorum
721 4494 871 4562 alterum
893 4488 1114 4563 aStancoro
1131 4517 1188 4562 re-

201 4593 414 4690 prehensum
437 4583 510 4672 'est
561 4596 649 4686 Legi
678 4609 712 4666 et
745 4595 1005 4687 propositiones
1038 4609 1115 4666 toas
1142 4597 1186 4664 de

202 4701 341 4770 duobus
358 4701 492 4770 naturis
514 4699 553 4768 in
568 4695 727 4779 Christo,
753 4699 846 4765 etde
862 4697 1071 4768 idiomatum
1089 4719 1186 4766 com-

202 4801 455 4882 municatione,
477 4815 558 4872 ante
572 4823 705 4870 anuum
721 4821 839 4866 mense
852 4797 952 4867 Maio
968 4797 1089 4883 editas,
1110 4821 1184 4866 eas-

202 4925 271 4994 que
288 4903 402 4992 palam
427 4904 578 4972 dirime
603 4901 807 4994 approbare.
859 4897 930 4969 Sed
954 4923 1033 4969 eum
1059 4902 1184 4968 adme

200 5003 353 5097 inclytus
368 4999 511 5075 Elcctor
529 4993 711 5074 Murclu'o
729 5000 1005 5096 controversiam
1024 5000 1185 5087 misisset,

201 5168 423 5183 ..ι-...ι-

211 5271 262 5344 ,11)
282 5271 336 5330 Til.
355 5271 513 5328 Haterius.

232 5355 401 5438 llManlius
420 5355 540 5408 Musunii
561 5375 659 5439 nomen
679 5353 804 5438 reticuit3
833 5355 879 5408 sed
901 5349 1065 5422 adscriptum
1086 5347 1184 5474 leqitur

265 5443 294 5478 ur
308 5427 423 5499 exempl.
437 5425 524 5484 Meni.
538 5423 708 5482 Beroltueon
721 5441 805 5480 manu
820 5421 923 5493 Georg.
940 5419 1140 5479 Buehholtaec.

1446 4405 2245 4422 ..ΜΉᾙ

1256 4563 1321 4634 Νο.
1338 4560 1451 4638 6368.

1245 4661 1455 4698 Μ

1965 4574 1979 4648 ,Ἴ
2070 4571 2246 4700 w·

1519 4751 1588 4875 M.
1619 4747 1950 4868 Meierdrurpio.

1336 4928 1422 5001 Epist.
1443 4928 1489 4984 lib.
1505 4931 1541 4984 V.
1555 4945 1586 5024 ¹p.
1601 4927 1652 4982 608
1665 4943 1726 4998 sqq.

1236 5089 1460 5104 m-n-

1270 5217 1299 5280 e>
1321 5206 1759 5298 vsa.ep.a.a‚s·.oct,1sse.'‚
1782 5276 1784 5285 ,
1843 5205 1846 5215 “
1966 5194 1970 5220 ¹

1272 5319 1304 5388 Β)
1320 5337 1336 5375 a
1351 5315 1407 5374 tob.
1423 5315 1559 5388 Agricola.

1271 5421 1299 5492 c>
1318 5417 1469 5488 uuam,
1486 5413 1631 5488 ‚pampo
1642 5379 1761 5497 mut
1773 5362 2079 5507 out-pamm.
