4808 6176
283 243 359 320 387
846 233 1284 312 EPISTOLARUM
1342 242 1557 320 1218.le
1611 249 1743 330 1⁵54.
2210 269 2270 346 888
2356 203 2357 250 l

388 411 582 502 Praecipue
603 433 689 480 vero
701 407 896 480 necessaria
912 421 964 479 est
976 407 1146 479 omuibus
1160 402 1280 477 borni·
1331 410 1427 482 saria
1453 427 1524 494 est,
1559 427 1592 486 et
1615 417 1809 511 aliquando
1829 421 1874 492 ad
1900 425 2114 498 concordiam
2135 431 2272 520 proderit.

287 515 392 584 nibus
410 513 565 604 cognitio
578 512 735 604 partium
753 507 928 596 hominis,
960 523 997 581 et
1012 509 1194 580 distinctio
1213 533 1280 599 po·
1330 509 1423 583 Cum
1436 513 1546 604 igitur
1560 512 1618 588 hic
1634 515 1764 590 Simon
1779 513 1973 603 Proxenus
1989 523 2199 600 Budiucensis
2211 556 2271 604 car-

287 616 478 686 tentiarom
501 615 662 700 animae,
687 627 859 707 quantum
877 613 916 681 in
931 607 997 682 hac
1012 612 1163 700 caligine
1177 612 1280 682 adse·
1330 638 1413 682 men
1434 619 1479 685 ad
1493 615 1539 689 R.
1556 616 1601 692 D.
1616 619 1659 694 T.
1681 622 1819 693 erudite
1843 637 1877 694 et
1894 628 2043 716 graviter
2057 629 2227 722 scripserit,
2246 649 2274 706 et
2356 655 2357 658 ¹

287 717 351 811 qui
387 739 590 810 possumus:
638 713 785 785 Necesse
828 727 881 786 est
917 715 1013 784 enim
1056 713 1280 783 considerare
1331 739 1446 786 mores
1469 719 1544 790 eius
1567 721 1637 790 sint
1662 717 1802 796 honesti
1827 740 1862 798 et
1883 728 2030 822 placidi:
2061 731 2136 800 dedi
2157 732 2184 800 ei
2201 725 2273 804 banc

286 817 477 889 discrimen
498 818 592 888 inter
617 817 809 908 potentiam
832 828 1101 906 cognoscentem
1119 827 1154 884 et
1170 817 1280 905 adpe-
1330 817 1514 910 epistolam
1534 823 1578 890 ad
1596 819 1642 898 R.
1658 821 1703 896 D.
1719 821 1762 899 T.
1779 827 1999 918 profecturo,
2023 843 2062 901 nt
2076 855 2197 902 orarem
2209 857 2275 923 pro.

286 935 440 1002 tentem,
471 934 506 991 et
531 919 650 989 radios
666 919 809 1014 divinae
826 918 915 988 lucis
933 919 971 986 in
989 913 1145 986 bumana
1160 929 1279 986 mente
1329 933 1407 1009 pter
1440 921 1621 992 literarum
1656 951 1832 1016 amorem,
1880 955 1925 1000 ne
1959 933 2123 1020 gravatim
2152 958 2266 1003 carmen

285 1045 492 1112 agnoscere,
523 1022 585 1115 qui
612 1016 728 1092 adhuc
752 1020 882 1114 reliqui
904 1019 1040 1089 suntin
1057 1013 1123 1088 bac
1138 1017 1279 1104 infirma
1329 1023 1425 1111 quod
1452 1022 1593 1110 offeret,
1617 1023 1663 1098 R.
1680 1028 1728 1097 D.
1745 1027 1789 1103 T.
1810 1031 1968 1124 accipiat.
2018 1033 2154 1124 Semper
2173 989 2277 1104 talibul

286 1139 434 1204 natura,
468 1137 503 1194 et
520 1137 603 1192 sunt
624 1123 855 1214 praecipuum
869 1124 914 1190 de
930 1119 1006 1190 Deo
1023 1120 1278 1192 testimonium.
1328 1121 1511 1192 laboribus
1536 1139 1571 1196 et
1593 1129 1718 1198 officiis
1740 1133 1912 1222 sapientes
1929 1135 2170 1224 gubernatores
2183 1137 2275 1208 lovere

285 1225 425 1296 Deinde
448 1247 587 1296 necesse
609 1237 660 1293 est
683 1225 829 1308 videre,
847 1246 937 1316 quae
958 1245 1039 1313 pars
1054 1221 1125 1292 illis
1141 1221 1278 1292 notitiis
1328 1245 1364 1292 se
1387 1229 1629 1301 ostenderunt.
1682 1229 1799 1318 Quare
1821 1247 1855 1304 et
1870 1230 1976 1306 huius
1992 1237 2276 1307 adolescentisoffi.

285 1329 332 1398 sit
345 1341 552 1408 contumax,
580 1341 615 1396 et
633 1349 701 1418 qua
719 1340 819 1416 perte
835 1338 952 1394 tamen
968 1325 1175 1394 fraenentur
1191 1323 1278 1394 alle-
1328 1325 1421 1394 cium
1438 1351 1540 1418 spero
1557 1354 1630 1398 non
1646 1331 1820 1420 ingratum
1836 1337 1911 1405 sore
1929 1335 1974 1409 R.
1989 1335 2034 1412 D.
2046 1337 2089 1410 T.
2106 1337 2274 1428 pracsertim

285 1445 378 1521 ctus,
412 1443 448 1500 et
472 1429 652 1524 quomodo
679 1429 813 1496 externi
838 1438 955 1515 gestus
978 1441 1165 1514 regantur,
1190 1424 1276 1518 quid
1328 1451 1406 1496 cum
1434 1453 1520 1498 venn
1552 1432 1664 1522 ipsius
1684 1435 1730 1503 sit
1753 1436 1858 1526 digna
1887 1439 2003 1512 leude.
2063 1437 2164 1510 Mitto
2184 1413 2293 1527 elego*

284 1531 330 1602 sit
354 1543 497 1601 externa
521 1529 731 1620 disciplina,
759 1529 847 1622 quid
865 1552 949 1598 vera
963 1527 1094 1612 virtus,
1120 1538 1278 1618 quaeest
1327 1551 1468 1598 carmen
1490 1534 1534 1600 dc
1559 1535 1716 1622 proxima
1731 1528 1766 1627 *)
1789 1535 1941 1629 Eclipci,
1974 1543 2273 1635 quaeprotuuono.

284 1633 429 1702 divinus
445 1646 564 1704 motus
579 1631 618 1698 in
640 1631 757 1700 corde.
1327 1653 1386 1696 vas
1410 1633 1654 1705 contentiones
1677 1636 1847 1708 minatur:
1881 1665 1968 1732 quas
1990 1657 2032 1711 ut
2055 1643 2147 1712 lilius
2166 1641 2218 1712 Dei
2235 1641 2269 1706 lc-

950 1827 958 1846 ·
1326 1730 1412 1810 niat‚
1439 1745 1513 1800 toto
1529 1759 1607 1803 eum
1622 1753 1762 1828 pectore
1777 1765 1852 1814 oro.
1893 1741 1975 1811 Nou
1993 1745 2077 1835 plus
2089 1745 2155 1814 fata
2168 1741 2265 1820 etenim,

386 1833 551 1926 Denique
565 1842 710 1922 propter
725 1829 853 1897 multas
869 1849 1036 1896 maximas
1053 1849 1173 1898 causas
1192 1851 1275 1919 pro-
1326 1855 1429 1922 quam
1462 1835 1518 1922 pia
1550 1851 1629 1905 vota
1657 1839 1783 1914 valent.
1849 1839 1946 1912 Bene
1969 1860 2000 1914 et
2031 1845 2172 1914 feliciter
2188 1841 2261 1908 relect

282 1940 360 2008 dest
375 1936 531 2027 aspicere
545 1944 658 2001 artem
674 1929 916 2000 fabricationis
925 1923 1101 1998 humanae
1116 1941 1274 2002 naturae.
1324 1930 1371 2006 R.
1389 1931 1434 2007 D.
1451 1934 1496 2008 T.
1548 1939 1619 2008 Die
1635 1939 1670 2010 6.
1686 1937 1909 2030 Decembris,
1939 1941 2051 2020 1554,

281 2039 367 2110 ideo
392 2037 499 2106 velim
527 2033 696 2104 usitatum
719 2031 882 2101 libellum
906 2031 953 2098 de
973 2031 1090 2099 anima
1114 2028 1275 2122 Principi

283 2138 460 2218 enarrari,
493 2149 528 2206 et
553 2134 744 2204 monstrari
767 2135 919 2224 picturas
941 2127 1186 2215 Anatomicas,
1212 2145 1273 2201 aut
1331 2187 2268 2220 ———-—---.-...................--

283 2243 386 2311 etiam
413 2238 588 2308 maiorum
611 2237 853 2306 membrorum
879 2233 1031 2324 positum
1072 2258 1150 2304 cum
1176 2233 1273 2302 videt

282 2343 392 2413 secari
414 2363 536 2412 cervos
550 2352 584 2408 et
597 2361 711 2429 apros.
763 2334 868 2406 Hanc
880 2335 1055 2450 puerilem
1073 2334 1271 2404 doctrinam
1332 2365 1400 2443 No·
1421 2367 1535 2446 5697·
2162 2397 2180 2459 ⁶
2202 2381 2258 2447 De&

280 2449 325 2514 de
342 2442 569 2513 distinctione
584 2439 971 2530 potentiarumanrmae
985 2448 1018 2506 et
1029 2437 1272 2506 membrorum
1327 2465 1540 2508 κον-ψ
2127 2526 2130 2530 ἡ
2152 2431 2276 2502 ⁴2...

280 2545 319 2614 in
343 2543 502 2616 Ecclesia
524 2541 755 2610 necessariam
776 2561 850 2606 esse
879 2536 1109 2606 manifestum
1134 2550 1204 2620 est,
1238 2549 1271 2606 et
1977 2597 1980 2604 ,

279 2647 440 2716 moribus
454 2645 598 2736 prodest
611 2663 714 2710 nosse
728 2637 968 2732 potentiarum
985 2637 1110 2723 officia,
1136 2650 1172 2706 et
1184 2637 1272 2709 scire
1612 2578 1688 2668 (ἴθ’
1701 2581 2025 2676 Buchhdzem·

279 2773 369 2842 quae
397 2747 470 2836 regi
495 2745 647 2838 possint,
680 2757 715 2812 et
735 2739 916 2833 quomodo
934 2751 1121 2828 regantur,
1149 2752 1182 2809 et
1195 2763 1272 2808 cer·
1409 2753 1507 2811 Manlii
1519 2756 1616 2832 [επις.
1632 2777 1661 2832 p.
1670 2761 1732 2818 294.

277 2873 362 2920 nere
386 2849 483 2920 triste
507 2845 695 2917 dissidium
720 2842 850 2912 virium
870 2835 1126 2925 humanarum,
1153 2853 1194 2910 ut
1209 2864 1270 2931 pe-

278 2968 393 3023 tamus
422 2949 593 3020 auxilium
616 2969 636 3015 a
660 2944 753 3014 Filio
775 2941 844 3014 Dei
865 2939 1022 3014 Domino
1045 2954 1167 3012 nostro
1191 2939 1270 3014 lesu
1320 2922 1534 3002 ReverffldO
1549 2933 1645 3022 037⁰,
1665 2932 1721 3010 D·
1739 2930 1946 3032 Georgia
1966 2935 2281 3020 Buchholtcen

276 3049 442 3135 Christo,
483 3050 650 3120 crucifixo
683 3071 748 3138 pro
774 3045 879 3118 nobis
910 3059 944 3114 et
970 3033 1197 3126 resuscitato,
1230 3068 1269 3114 ac
1583 3033 1792 3136 scotrisoo
1807 3033 2054 3133 charissimo,

277 3167 448 3244 regnante
474 3165 514 3222 ut
539 3150 682 3238 colligat
707 3160 884 3218 aeternam
910 3141 1128 3228 Ecclesiam,
1162 3168 1269 3238 quem
1321 3183 1373 3272 s·
1398 3195 1443 3266 D·
1467 3197 1680 3274 Reverende
1698 3205 1766 3286 vir,
1792 3220 1827 3276 e,
1841 3207 2177 3284 amicechuissimb
2211 3205 2283 3282 stri,

276 3281 359 3341 oro,
391 3269 432 3324 ut
455 3266 570 3324 servet
585 3245 831 3321 Ponieroniae
852 3244 985 3332 Duces,
1020 3261 1054 3318 et
1075 3259 1173 3334 regat
1192 3259 1270 3316 stu·
1364 3302 1372 3318 .
1449 3301 1458 3318 .
1543 3301 1550 3318 .

276 3358 334 3426 dia
370 3369 405 3426 et
441 3368 554 3426 totum
586 3353 680 3423 vitae
707 3373 849 3420 cursum
876 3345 1052 3442 Principis
1079 3339 1270 3418 Iohannis
1321 3316 1390 3420 pist
1415 3298 1480 3370 ’ἢκ
1502 3297 1633 3372 smum
1657 3299 1851 3378 Pmmus
1873 3335 2019 3382 carmen
2045 3319 2093 3386 ἃ*
2117 3315 2230 3408 M⁰l³⁶
2247 3311 2284 3377 s*

274 3451 479 3536 Friderici‚
522 3453 754 3525 pomeraniae
776 3449 886 3520 Ducis
914 3463 978 3526 etc.
1002 3465 1035 3522 et
1056 3449 1162 3518 faciat
1189 3473 1268 3520 eum
1321 3415 1435 3474 neme
1457 3420 1604 3492 petram·
1656 3404 1697 3478 ld
1722 3409 1850 3480 ⁰ffffl⁰
1866 3405 2284 3510 ‘l‘fflVllElelml‘l'

276 3562 405 3639 σκεῦος
423 3553 555 3640 ils'ovc,
576 3570 612 3626 et
627 3553 832 3646 Principem
845 3551 1033 3624 salutarem
1043 3547 1223 3622 Ecclesiae
1237 3563 1271 3622 et
1320 3501 1489 3574 hu⁸ian⁰⁰
1546 3505 1716 3624 .Q⁰³i⁵⁰'
1740 3524 1792 3630 ,υἱ
1817 3514 2082 3632 ³d⁰¹⁰⁵⁶f¹¹¹²¹¹¹
2106 3517 2243 3638 ⁰9¹¹³ffi⁰
2261 3521 2285 3578 ⁰¹

275 3661 429 3754 Patriae,
456 3655 584 3731 Amen.
643 3651 755 3729 1554.
1319 3609 1779 3682 c⁰¹¹¹¹¹¹⁰¹¹d³¹l¹⁰¹¹⁸¹¹¹V011l·
1827 3610 1904 3702 Ego
1924 3629 2033 3690 eitam
2053 3621 2285 3692 vobiscumet

1320 3711 1364 3778 de
1379 3709 1499 3798 eclipsi
1516 3709 1627 3794 mitto,
1651 3737 1740 3804 quae
1756 3716 1910 3805 prolecto
1925 3718 2121 3792 minitetur
2134 3745 2222 3792 nova
2230 3737 2283 3788 cer·

1319 3811 1464 3883 tamina.
1515 3809 1585 3880 Sed
1601 3835 1743 3886 oremus
1758 3817 1872 3886 filium
1887 3815 1975 3902 Dei,
2002 3837 2046 3894 ut
2064 3849 2134 3894 uos
2150 3834 2245 3914 regat,
2263 3825 2288 3882 tl

1320 3913 1358 3979 in
1380 3905 1435 3979 bis
1455 3911 1660 4000 regionibus
1675 3939 1812 4008 semper
1827 3915 2027 3992 Ecclesiam
2047 3939 2222 3996 aeternam
2236 3913 2286 3988 sibl

276 4068 331 4139 No
359 4061 460 4139 5696
1113 4068 1145 4128 6·
1165 4059 1232 4126 Deo
1319 4013 1475 4104 colligat:
1506 4027 1540 4084 et
1556 4016 1889 4090 triboatsalutarem
1905 4023 2223 4110 gubernationem,
2244 4041 2288 4112 pl·

283 4115 472 4194 ὼ·
1088 4109 1260 4182 »οφ-’μ
1319 4139 1393 4184 cem
1410 4129 1443 4186 et
1456 4117 1682 4186 concordiam
1699 4113 1866 4191 Ecclesiis
1881 4137 1914 4192 et
1931 4123 2100 4218 imperiis
2117 4125 2289 4198 harumce·

1318 4217 1475 4304 gionum.
1526 4214 1649 4308 Nuper
1671 4215 1816 4292 exhibui
1831 4225 2040 4315 pecuniam,
2069 4255 2179 4324 quarn
2194 4223 2291 4296 Ionae

1317 4319 1412 4386 lilius
1425 4317 1563 4403 attulit,
1591 4317 1664 4388 lilio
1680 4332 1811 4392 vestro:
1834 4340 1875 4396 ut
1889 4327 2111 4414 significasse
2129 4331 2230 4400 etiam
2242 4345 2290 4392 vo·

571 4258 638 4347 lo.
664 4209 983 4365 Hornour'geo..

374 4440 476 4502 Msutb
492 4435 593 4510 tang.
610 4435 758 4510 patim.
1317 4419 1372 4488 bis
1404 4419 1566 4492 arbitror.
1625 4419 1724 4492 Bene
1754 4413 1884 4507 valete,
1923 4425 1992 4498 Die'
2026 4431 2066 4507 d.
2094 4424 2290 4503 Decembris,

1319 4513 1448 4616 [Anno
1470 4515 1655 4636 1565.]“).ι

273 4613 528 4696 Reverendiss.
568 4611 622 4684 D.
665 4607 720 4686 D.
759 4569 943 4679 Ioanni
988 4601 1265 4704 Hornborg,

274 4723 461 4826 Episcopo
483 4713 721 4790 Lihusionae
742 4705 948 4794 Ecclesiae,
985 4704 1179 4778 excellenti
1197 4733 1264 4781 su·
1302 4776 1304 4780 .

320 4824 462 4924 pientio
483 4830 515 4892 el
535 4817 682 4902 virtute,
707 4822 768 4890 etc.
783 4819 944 4909 patrono
962 4833 1030 4878 sno
1051 4806 1212 4893 colendo,
1347 4829 1549 4972 ”illidii
1559 4791 1790 4972 llb⁵l321⁴i⁸lil
1808 4833 1863 4892 boe
1883 4835 2032 4896 cbrtniffi
2055 4843 2178 4900 ming
2201 4853 2291 4900 w...

274 4967 325 5056 S·
348 4975 395 5046 D·
427 4965 735 5088 Revereudissime
752 4960 909 5030 domine.
944 4955 1159 5079 031³?un
1177 4984 1261 5077 1³3⁰·
1349 5006 1378 5073 u
1396 5002 1485 5058 vsu.
1505 5021 1584 5056 ann
1606 5003 1681 5060 ress.
1696 5004 1766 5059 nna
1780 5007 1907 5064 arsen
1921 5009 2088 5070 suo-aru.
2103 5025 2179 5070 ωιι.
2198 5010 2294 5084 serpe

273 5097 352 5175 pter
375 5074 535 5167 publicas
556 5067 751 5138 discordias
770 5061 964 5132 multorum
983 5083 1094 5130 anum
1109 5062 1260 5132 alrenro-
1381 5073 1462 5128 tunae
1475 5073 1567 5155 tutte.
1580 5073 1692 5154 unci.
1706 5074 1781 5134 test.
1819 5075 1882 5134 vit.
1896 5081 2172 5156 spissantem-s.

273 5205 329 5255 res
344 5192 427 5249 sunt
439 5198 460 5243 a
474 5169 714 5240 doctrinarum
728 5163 866 5243 studiis,
889 5176 1007 5232 tamen
1022 5163 1094 5230 scio
1108 5158 1207 5234 RD.
1216 5161 1260 5236 T.

273 5307 349 5378 pro·
363 5291 425 5350 tua
444 5269 629 5344 excellenti
652 5265 820 5357 sapientia
844 5263 934 5370 velle
957 5285 1032 5330 non
1053 5262 1165 5330 deleri
1180 5262 1260 5332 lite-

275 5407 352 5476 ras,
378 5398 529 5478 quarum
551 5367 707 5462 cognitio
722 5364 886 5434 omnibus
903 5362 1122 5456 temporibus
1137 5385 1256 5434 neces·

1315 4711 1519 4724 m
