4814 6172
222 250 300 324 227
674 319 687 382 ἢ
805 253 1252 332 EPISTOLARUM
1303 257 1518 338 utu.le
1572 257 1704 338 1554.
2194 268 2273 346 228

225 449 294 520 qna
316 429 437 500 fabula
459 455 535 502 non
556 443 696 502 tantum
719 443 837 504 ortum
860 430 1022 526 Scorpii,
1056 446 1091 504 et
1112 454 1215 504 occa·
1266 435 1367 528 digni
1381 435 1471 518 fide,
1498 460 1540 508 ex
1556 431 1756 510 Pannonia.
1807 435 1908 509 Bene
1926 439 2053 514 valete.
2106 437 2275 518 nie17.

223 552 302 600 sum
325 523 483 604 Orionis
502 535 765 624 significarunt,
800 535 862 606 sed
889 537 1048 628 pericula
1073 558 1215 629 quoque
1266 536 1472 626 Februarii,
1503 533 1615 616 1554.

223 657 367 722 eorum,
388 635 452 729 qui
468 627 627 706 Orionis
639 639 839 708 doctrinam
853 639 995 726 colunt,
1023 662 1129 733 quem
1146 633 1215 710 At·
1345 647 1347 652 “
1777 637 1969 736 Philippus
1989 643 2220 721 Melanthon.

223 730 343 806 laniis
359 740 559 810 auditorem
573 739 682 810 luisse
696 741 809 812 aiunt.
862 739 975 832 Saepe
999 741 1094 810 enim
1115 765 1134 809 a
1152 765 1215 810 ve·
1442 828 1446 840 .

221 839 362 910 nenatis
376 835 585 913 hominibus
599 842 853 936 opprimuntur
863 843 1050 914 calumniis
1065 827 1214 926 studiosi
1275 835 2276 918 ,wm-

223 942 406 1014 doctrinae
420 937 597 1039 physicae.
650 942 775 1036 Nuper
798 946 909 1015 ociosi
935 946 1082 1039 quidam
1104 943 1145 1017 ἐν
1166 947 1214 1038 τῇ

221 1039 421 1140 μεθωναίῃ
444 1045 539 1142 αὔλῃ
562 1047 752 1119 ediderunt
770 1049 941 1141 scriptum
967 1062 1089 1118 contra
1109 1071 1215 1140 prae·
1266 1055 1333 1128 No,
1348 1051 1461 1133 5548,
2110 1071 2168 1138 19.
2179 1069 2277 1136 Febr.

222 1149 396 1219 dictiones
411 1151 673 1221 astronomicas.
712 1147 791 1223 Etsi
805 1175 880 1222 non
897 1151 975 1221 sine
988 1151 1111 1222 dolore
1126 1150 1213 1239 legi:
1274 1155 1487 1194 Ἃ
2124 1161 2275 1188 *³⁹⁹

191 1277 193 1280 ·
219 1263 340 1321 tamen
354 1251 464 1322 rixari
477 1278 556 1324 cum
581 1253 653 1324 illis
669 1277 744 1322 non
759 1253 861 1339 volo,
887 1278 928 1324 ac
949 1266 1048 1324 tuam
1072 1253 1214 1344 praedi·
1363 1323 1371 1342 ,
1554 1257 1622 1345 Μ
1651 1257 1985 1378 Μθίρηόηγθίο,

221 1354 376 1424 ctionem
393 1379 499 1448 quam
516 1357 560 1426 ad
576 1379 633 1424 me
647 1355 794 1438 misisti,
822 1381 897 1426 non
920 1379 993 1426 esse
1016 1355 1148 1427 editam
1172 1380 1212 1424 eo
1335 1413 1412 1468 Em
1435 1415 1473 1470 “b
1493 1416 1517 1465 v
1541 1431 1559 1485 P
1584 1416 1711 1487 530qu-

220 1459 376 1546 gaudeo,
402 1458 484 1552 quia
500 1483 566 1528 nec
583 1459 649 1529 tibi
672 1459 911 1550 pepercissent
934 1459 993 1529 isti
1014 1459 1230 1550 petulantes,
1358 1433 1376 1487 p
1414 1451 1421 1468 '
1476 1452 1484 1471 '
1518 1453 1526 1470 '
1561 1452 1570 1471 ’

221 1551 437 1660 δημηγόροι.
500 1559 608 1631 Mitto
631 1560 699 1631 tibi
722 1561 893 1652 pagellas,
923 1585 1075 1654 quarum
1107 1561 1213 1630 lectio
1266 1569 1326 1646 M
1329 1569 1414 1648 ich,
1440 1571 1788 1669 Meienhurgm,
1815 1563 1977 1646 Consul}
2001 1572 2270 1660 Νοιιῇηςαηο,

219 1661 376 1733 fortassis
391 1661 526 1752 gratior
541 1663 621 1748 erit,
647 1687 754 1757 quam
769 1667 839 1735 τοῦ
855 1663 896 1737 ἐν
909 1665 1000 1758 οἴνῳ
1015 1659 1213 1762 γραφθὲν-

218 1788 283 1844 τος
312 1759 536 1858 μεθωναίου
571 1757 875 1864 συγγράμματος,
944 1765 1070 1838 Mine,
1097 1791 1214 1836 exem,
1251 1713 1319 1827 ‘S-
1346 1727 1406 1845 D..
1425 1725 1701 1847 'Honestissime
1723 1725 1798 1845 uir,
1832 1739 1868 1796 et
1903 1727 2015 1799 amice
2042 1725 2268 1809 charissime.

218 1867 319 1958 plum
340 1868 491 1938 alterum
516 1862 653 1952 Ionae,
686 1869 745 1938 cui
774 1883 909 1961 partem
932 1869 1104 1964 colloquii
1132 1893 1213 1939 cum
1267 1827 1346 1902 0⁸⁰
1364 1828 1499 1900 mum
1512 1827 1600 1916 Der,
1624 1829 1827 1901 D⁰¹¹¹¹¹¹¹¹ffl
1841 1841 2005 1900 ¹¹⁰⁸lf¹1¹1¹
2023 1829 2142 1909 lesum
2158 1833 2269 1910 Chri-

217 1969 542 2040 veteribus-amicis
562 1971 738 2040 eruditam
761 1965 884 2046 tribui.
940 1970 1041 2042 Bene
1058 1972 1154 2056 vale,
1180 1984 1215 2041 et
1268 1949 1380 2019 ΜΝ
1411 1935 1617 2054 “¹¹⁰¹filfuln
1642 1957 1708 2026 ΡΨ
1731 1931 1855 2050 ⁰⁰lff¹⁵²
1879 1944 1914 2002 el
1935 1949 2264 2060 resuscitatum,.ut

217 2071 386 2142 rescribe,
436 2067 506 2142 Die
521 2073 632 2143 „mli
647 2069 796 2170 meo*)‚
819 2099 910 2168 quo,
937 2075 1034 2168 quod
1057 2075 1214 2144 faustum
1267 2061 1331 2108 vos
1350 2049 1385 2106 et
1406 2032 1693 2108 honestrssrmam
1715 2057 1903 2125 coniugem
1924 2051 2097 2126 vestram,
2125 2044 2260 2114 etfibos

219 2185 255 2243 ct
270 2173 355 2242 felix
369 2173 434 2260 sit,
455 2173 639 2266 ingredior
655 2200 789 2248 annum
805 2193 970 2248 octavum
985 2190 1019 2246 et
1034 2178 1215 2269 quinqua·
1268 2154 1303 2210 el
1316 2139 1558 2258 d⁰l⁰i⁸⁵im³lm
1573 2139 1702 2224 filiam’
1727 2149 1910 2258 pmiegit’
1937 2153 1972 2212 ‘t
1992 2155 2109 2213 mel
2124 2145 2267 2262 incf'lu'

218 2276 413 2364 gesimnm,
436 2301 478 2346 ac
501 2301 586 2348 sane
601 2291 721 2348 metuo
742 2279 897 2349 vicinam
922 2279 1212 2349 coniunctionem
1268 2265 1343 2312 ¹⁰⁸⁸
1368 2265 1432 2312 V⁰⁸
1453 2255 1488 2312 εἰ
1509 2264 1616 2334 19508·
1673 2240 1916 2312 Pr⁰fi⁰¹⁸⁰¹mr
1937 2244 1982 2311 ad
2004 2267 2070 2314 Μ
2092 2234 2270 2319 Chml‘l'

218 2375 365 2450 saturni
383 2391 418 2452 et
433 2377 574 2456 Martis⁸
627 2378 699 2453 sed
713 2377 790 2452 Deo
807 2405 873 2452 nos
890 2383 1113 2452 commendo·
1266 2337 1426 2438 phoras,
1450 2341 1518 2415 Dei
1532 2343 1722 2421 beneficio,
1747 2356 1840 2414 recte
1858 2344 2020 2460 eruditus
2040 2348 2079 2417 in
2101 2351 2269 2424 doctrina

1267 2445 1467 2538 Ecclesiae,
1503 2459 1538 2518 et
1560 2446 1673 2516 initiis
1696 2445 1789 2515 Iuris
1809 2445 1941 2515 civilrs:
1982 2462 2017 2520 et
2038 2475 2157 2522 mores
2181 2471 2270 2528 sunt

1267 2551 1438 2635 modesti,
1464 2573 1504 2620 ac
1527 2572 1648 2640 spero,
1675 2547 1777 2618 vobis
1799 2562 1835 2620 et
1856 2543 2126 2626 honestissimae
2147 2553 2268 2629 Matri

1268 2665 1471 2724 reverenter
1498 2653 1827 2744 obtemperaturum
1858 2675 1941 2725 esse.
1998 2649 2089 2746 Ego,
2122 2680 2164 2725 re
2194 2661 2267 2730 diu

1268 2757 1435 2846 cogitata,
1460 2777 1588 2824 maneo
1605 2756 1645 2824 in
1659 2747 1726 2823 hac
1740 2755 1938 2844 sententia,
1962 2749 2025 2826 hoc
2040 2769 2196 2846 ternpore
2221 2763 2261 2830 ei

214 2844 282 2919 No·
297 2841 412 2918 5547·
1048 2864 1107 2926 17·
1125 2856 1213 2917 Febr.
1266 2859 1355 2930 utile
1371 2882 1463 2939 esse,
1488 2873 1529 2929 ut
1544 2859 1601 2926 vel
1615 2881 1680 2950 per
1700 2869 1866 2927 aestatem
1886 2855 2006 2930 videat
2026 2859 2168 2928 formam
2192 2860 2254 2932 iu-

218 2943 430 2979 m
1039 2946 1210 2976 Μ
1266 2963 1351 3032 dicii
1375 2959 1592 3053 imperialis,
1628 2975 1662 3033 et
1685 2961 1811 3044 discat,
1844 2983 1948 3030 nosse
1982 2959 2262 3035 Iurisconsultus

505 3043 582 3134 Ge.
595 3047 920 3136 Buchbolzero.
1265 3065 1363 3136 illius
1377 3065 1448 3136 loci
1463 3077 1498 3134 et
1515 3063 1715 3134 consideret
1731 3085 1853 3133 eorum
1872 3063 2071 3151 sermones,
2088 3077 2122 3134 et
2136 3067 2264 3158 publi-

301 3201 399 3260 Manlii
412 3203 510 3279 tarrag.
525 3224 552 3278 p.
566 3205 618 3262 ³89
632 3225 673 3278 eq.
1265 3192 1388 3239 corum
1413 3169 1637 3256 negotiorum
1663 3165 1920 3239 tractationem.
1978 3163 2076 3238 Haec
2096 3170 2264 3241 conside-

1264 3272 1353 3342 ratio
1378 3271 1542 3342 excitabit
1564 3269 1605 3338 in
1627 3293 1668 3339 eo
1695 3291 1852 3338 amorem
1875 3267 1985 3340 studii
2001 3266 2111 3356 luris,
2138 3285 2175 3342 et
2197 3275 2264 3343 ali-

211 3359 425 3436 Reverendo
440 3364 530 3451 oiro,
542 3361 598 3438 D.
617 3359 824 3460 Georgia
839 3362 878 3436 B
885 3362 1209 3463 uchholtzero,
1263 3375 1348 3466 quid
1376 3375 1511 3445 adseret
1535 3372 1673 3446 iudicii.
1731 3369 1858 3440 Postea
1881 3371 2014 3462 poterit
2033 3372 2071 3442 in
2097 3369 2255 3445 Italicam

477 3465 687 3566 stotrisuo
703 3461 947 3557 charissimo,
1262 3489 1323 3546 aut
1338 3475 1587 3546 Germanicam
1596 3471 1825 3546 Academiam
1842 3474 1953 3560 mitti,
1974 3474 2045 3543 nisi
2059 3476 2259 3548 deliberare

1262 3579 1371 3650 vultis
1394 3580 1438 3648 de
1458 3575 1608 3648 honesto
1630 3576 1808 3668 coniugio.
1873 3571 1928 3646 De
1949 3575 2025 3647 filio
2047 3591 2167 3649 vestro
2195 3575 2260 3650 Io-

1260 3673 1386 3751 hanne
1408 3675 1512 3752 valde
1534 3703 1598 3750 vos
1621 3703 1707 3760 oro,
1733 3703 1814 3749 cum
1837 3677 1883 3749 sit
1904 3691 2031 3750 natura
2054 3679 2259 3766 imbecillis,

1260 3799 1294 3856 et
1310 3808 1465 3876 sperem,
1490 3785 1566 3854 sore
1580 3783 1699 3853 virum
1714 3781 1973 3872 intelligentem
1996 3795 2031 3854 et
2053 3777 2260 3872 honestum,

1259 3901 1299 3958 ut
1311 3887 1449 3982 aliquid
1465 3886 1578 3978 ipsius
1593 3884 1745 3956 adfectui
1756 3886 1956 3956 concedatis
1971 3886 2016 3954 de
2033 3885 2261 3982 coniugio*),

1258 4003 1293 4060 et
1315 4015 1379 4060 oro
1401 3985 1535 4072 Deum,
1561 4003 1602 4059 ut
1621 3987 1724 4058 vobis
1750 4001 1785 4058 ct
1808 3987 1878 4079 ipsi
1902 3987 2006 4058 adsit.
2056 3984 2258 4059 Ecclesiam

1257 4106 1292 4162 et
1317 4088 1472 4186 hospitia
1494 4087 1672 4161 Ecclesiae
1701 4103 1735 4160 et
1757 4113 1823 4158 nos
1847 4085 1924 4159 Deo
1950 4092 2255 4164 commendemus.

1256 4193 1355 4266 Bene
1370 4210 1405 4267 et
1418 4195 1570 4266 feliciter
1585 4193 1709 4265 valete.
1761 4191 1830 4263 Die
1848 4191 1906 4266 19.
1926 4189 2032 4266 Febr.

647 2639 1209 2652 -a—-u———ffl

213 3603 262 3692 S.
288 3618 335 3692 D.
377 3615 590 3691 Reverende
606 3619 672 3706 vir,
688 3633 722 3690 et
737 3619 848 3690 amice
866 3617 1083 3698 charissime.
1138 3625 1208 3700 Hic

210 3718 255 3796 N.
272 3722 318 3794 N.
333 3717 422 3818 N.¹)
440 3747 521 3794 cum
537 3738 641 3794 natus
659 3723 705 3794 sit
725 3723 763 3792 in
781 3719 964 3812 Marchia,
989 3729 1111 3800 mallet
1133 3754 1208 3800 ser-

208 3825 287 3896 vire
302 3825 430 3896 studiis
444 3825 597 3917 patriae:
617 3839 652 3897 et
668 3849 748 3896 cum
766 3823 1207 3902 audiveritStanhusium

209 3929 419 4000 relicturum
443 3951 517 3998 esse
540 3923 697 3998 scholam
718 3925 986 4014 Berlinensem,
1020 3933 1095 4026 ipse
1117 3937 1206 4026 petit

208 4031 279 4102 sibi
293 4054 369 4100 earn
387 4031 640 4104 commendari.
690 4011 801 4103 llecte
821 4033 945 4104 doctus
967 4049 1000 4105 et
1023 4039 1204 4110 modestus

208 4147 278 4220 est,
305 4145 340 4204 et
361 4133 554 4204 moderatis
576 4133 735 4203 consiliis
759 4135 1028 4226 obtemperabit.
1081 4137 1204 4229 Quare

207 4249 242 4307 te
265 4259 350 4320 oro,
384 4249 426 4307 ut
449 4235 495 4306 iis
516 4236 562 4306 ad
584 4259 673 4330 quos
692 4229 779 4304 haec
803 4235 1012 4310 deliberatio
1036 4243 1203 4332 pertinet,

208 4361 288 4410 eum
303 4340 540 4413 commendes.
592 4335 701 4410 Mitto
722 4337 790 4409 tibi
808 4341 965 4431 exempla
984 4344 1028 4411 de
1041 4345 1202 4439 principe

209 4435 389 4535 Georgio,
412 4465 566 4536 qnorum
580 4464 694 4512 unum
710 4442 826 4510 trades
842 4441 1080 4516 illustrissimo
1097 4449 1201 4539 prin-

208 4545 280 4637 cipi
299 4543 468 4618 Electori.
520 4541 597 4631 Qui
617 4543 767 4613 veniunt
788 4565 829 4612 ex
852 4539 1058 4632 Pannonia,
1092 4552 1200 4620 adfir-

206 4659 306 4718 mant
326 4643 520 4717 Turcicum
544 4658 739 4739 tyrannum
762 4645 969 4737 promittere
991 4647 1200 4723 Pannoniae

205 4746 369 4819 inducias
383 4748 423 4818 in
438 4747 658 4820 sexennium.
709 4745 800 4818 Nam
823 4747 898 4837 ipse
916 4750 1117 4823 domesticis
1140 4779 1199 4826 ca-

204 4849 394 4922 lamitatib.
414 4852 598 4925 retinetur.
659 4847 838 4920 interfecit
865 4849 978 4922 filium
1001 4855 1195 4926 maximum

204 4966 311 5040 natu,
341 4951 430 5020 falso
454 4967 652 5023 accusatum
677 4975 696 5021 a
718 4974 867 5042 genero,
892 4947 1038 5025 bomine
1054 4953 1197 5028 Ruthe·

203 5085 263 5130 no.
315 5051 422 5124 Nun'c
444 5050 547 5123 illum
561 5067 797 5124 accusatorem
825 5051 978 5125 Ianizari
1001 5059 1196 5150 deposcunt

203 5167 249 5235 ad
263 5154 487 5254 supplicium.
539 5152 635 5226 Haec
649 5157 692 5226 ad
712 5181 769 5226 me
791 5157 1010 5249 scripserunt
1031 5155 1196 5232 homines

1357 4381 1454 4454 Deus
1470 4395 1585 4454 servet
1596 4373 1842 4454 Michaai'Iem.
1890 4373 1967 4470 Ego
1989 4379 2147 4452 libenter
2174 4407 2257 4454 eum

1254 4487 1300 4554 ad
1327 4509 1383 4556 me
1409 4487 1579 4578 recipiam
1605 4483 1797 4574 tantisper,
1831 4483 1944 4552 donec
1976 4483 2071 4573 apud
2096 4507 2181 4556 eum
2206 4503 2258 4559 est

1253 4585 1475 4680 Praeceptor.
1527 4586 1677 4658 Possent
1711 4609 1783 4656 una
1814 4585 1854 4654 in
1876 4581 2039 4674 Collegio
2073 4579 2256 4664 habitare.

1253 4686 1325 4760 Sed
1349 4691 1568 4774 videbimus,
1592 4703 1633 4758 ut
1655 4689 1688 4758 ei
1712 4712 1854 4781 quoque
1879 4687 2128 4780 prospiciatur.
2181 4689 2254 4764 Pe

1252 4792 1366 4863 teritis
1388 4794 1527 4864 mittere
1547 4783 1797 4876 illicitatione,
1834 4815 1915 4860 cum
1941 4790 2044 4860 vobis
2065 4790 2257 4866 videbitur
2289 4801 2299 4815 “

1251 4909 1506 4988 opportunum.
1557 4890 1611 4978 De
1627 4894 1686 4965 lue
1701 4893 1774 4964 iam
1789 4886 1883 4962 nibil
1903 4893 2080 4966 audimus.

1995 5020 2202 5120 Philippus.

1283 5261 1313 5326 *t
1333 5258 1397 5314 vid.
1412 5275 1453 5327 ep.
1470 5255 1503 5311 ad
1516 5254 1637 5311 Meienb.
1652 5254 1680 5308 d.
1695 5253 1721 5310 1.
1737 5252 1805 5308 Maii
1825 5250 1899 5310 1551.

200 5327 421 5354 Μ

236 5377 266 5487 *1
286 5418 311 5470 ι.
324 5414 417 5474 auara.
437 5411 478 5468 16.
492 5410 577 5466 rear.
592 5407 666 5462 1497.

241 5507 270 5575 1)
287 5501 470 5560 Bucblaoltrer
484 5495 627 5569 adscripsit
643 5490 773 5566 margini:
791 5495 949 5549 Bottieber.
