4808 6176
182 270 259 348 ros
758 262 1193 344 umsronanuu
1238 271 1350 362 mn.
1378 268 1461 348 xu.
1514 269 1646 350 ross.
2160 267 2236 342 soo

186 455 312 511 omnes
325 443 439 506 servet
453 445 488 504 et
506 426 764 527 gubemet''*).
816 433 899 525 Quo
916 435 992 520 die,
1017 427 1186 504 videlicet
1236 460 1318 508 rum
1335 449 1370 508 et
1386 439 1430 506 de
1443 437 1620 510 moribus:
1644 437 1773 508 ordine
1788 438 1893 508 etiam
1912 438 2074 508 omnium
2097 451 2235 528 tempo-

185 536 336 622 5.lunii,
361 549 445 606 ante
462 559 576 606 annos
596 536 695 606 1932
710 536 749 606 in
764 559 881 628 pugna
897 537 1081 608 Leuctrica
1096 535 1189 606 filia-
1237 565 1319 610 rum
1350 535 1536 609 historiam
1566 553 1684 610 mente
1720 541 1923 631 complexus
1954 553 2016 610 est.
2066 537 2141 610 Nec
2166 539 2238 609 alia

187 664 270 714 rum
285 637 429 710 Scedasi
443 651 565 732 stupra
580 651 615 710 et
630 663 752 710 necem
769 639 866 711 Deus
881 638 1036 732 punivit,
1063 639 1189 710 eodem
1240 663 1342 711 causa
1364 642 1451 722 fuit,
1485 666 1548 711 cur
1567 641 1861 712 Francofurdiam
1884 645 1926 711 ad
1945 639 2104 712 Oderam
2129 640 2237 710 sitam

189 744 248 816 die
269 741 392 812 literas
413 754 492 812 tuas
513 740 631 833 accepi
653 743 698 812 de
714 742 862 826 scelere,
888 743 985 836 quod
1008 739 1191 812 illiLaco-
1241 743 1442 827 accesserit,
1470 744 1542 812 uisi
1565 739 1670 825 baec,
1703 745 1819 836 quod,
1850 767 1930 813 cum
1953 743 2022 812 viri
2037 740 2238 813 Clarissimi

191 845 275 917 nico
298 844 414 913 simile
438 866 510 912 esse
527 844 737 935 accepimus.
788 840 1050 916 Cohorruimus
1070 843 1192 932 legen·
1241 839 1379 914 Sabini
1393 845 1590 914 orationem
1604 845 1755 916 maxime
1770 846 1953 936 probaret,
1978 845 2239 915 consuetudine

193 962 266 1032 tes,
291 959 327 1016 et
341 957 484 1038 propter
505 945 676 1016 scelernm
698 947 919 1018 atrocitatem
937 959 972 1016 et
995 943 1191 1016 defuturis
1243 959 1276 1017 et
1301 946 1435 1016 iudicio
1458 947 1533 1018 eius
1555 947 1610 1020 uti
1633 947 1749 1017 voluit
1762 942 1808 1042 ¹),
1833 948 2093 1041 quamodrem
2114 941 2244 1018 hona-

194 1047 323 1144 poenis
349 1047 555 1137 cogitantes.
614 1046 934 1141 Sequenturenim
962 1045 1194 1118 hauddubie
1245 1062 1358 1118 torem
1380 1043 1508 1120 habuit
1523 1049 1640 1120 virum
1656 1051 1800 1119 doctum
1819 1063 1853 1118 et
1875 1050 2085 1140 prudentem
2098 1044 2244 1116 Heari-

197 1175 261 1224 seu
284 1147 457 1218 Tuccicae
479 1149 693 1220 vastationes
715 1173 777 1221 seu
799 1151 902 1221 aliae.
963 1149 1034 1220 Sed
1059 1147 1194 1218 Filium
1246 1173 1325 1221 cam
1341 1143 1669 1246 Paemannuffl).
1722 1147 1763 1221 ld
1779 1175 1859 1222 cum
1876 1163 1976 1242 pater
1994 1149 2246 1236 intellexisset,

196 1251 267 1325 Dei
282 1275 485 1343 precemur,
510 1265 550 1320 ut
565 1275 631 1322 nos
647 1253 854 1324 invocantes
876 1253 992 1342 ipsum
1010 1252 1196 1340 gubernet,
1245 1253 1429 1324 voluntate
1443 1252 1552 1344 patris
1560 1253 1854 1323 Francofurdiam
1870 1251 2044 1340 migravit,
2066 1275 2107 1322 ac
2123 1251 2246 1322 devo-

199 1368 235 1424 et
256 1367 298 1423 ut
313 1377 446 1444 poenas
467 1353 594 1435 leniat,
620 1367 654 1428 et
678 1369 794 1425 servet
817 1350 994 1424 Ecclesiae
1017 1353 1197 1446 reliquias,
1246 1356 1383 1425 luntate
1397 1355 1508 1448 patris
1523 1357 1675 1425 literasa
1692 1347 1869 1452 Philippo
1882 1349 2133 1424 Melanthum
2148 1367 2250 1424 attu-

202 1468 237 1526 et
261 1454 301 1521 iu
329 1477 369 1523 ea
400 1450 565 1524 honestas
591 1469 625 1528 et
659 1456 734 1547 pias
760 1456 925 1530 familias.
982 1452 1040 1526 Ac
1066 1456 1198 1526 talibus
1247 1459 1307 1542 lit,
1333 1480 1398 1525 nec
1416 1457 1485 1527 alia
1508 1452 1594 1556 ex')
1615 1457 1689 1528 ulla
1713 1456 1871 1527 discessit
1893 1479 2007 1530 causa.
2058 1453 2121 1528 sie
2147 1455 2248 1526 enim

203 1555 371 1646 exemplis
394 1558 663 1626 commonefacti
688 1574 812 1628 omnes
833 1558 945 1627 simus
973 1557 1013 1625 iu
1034 1556 1199 1647 regendis
1249 1559 1338 1629 abiit
1359 1553 1569 1641 EWaldaS,
1602 1574 1643 1631 ut
1661 1581 1783 1629 omnes
1810 1557 1850 1626 in
1875 1553 2067 1628 Academia
2093 1557 2248 1628 lectores

201 1657 365 1728 moribus
388 1658 652 1745 diligentiores,
682 1673 718 1731 et
740 1661 779 1730 iu
803 1659 1029 1730 invocatione
1049 1657 1119 1729 Dei
1141 1683 1199 1730 ar·
1249 1660 1432 1750 ingenium
1448 1675 1483 1732 et
1495 1684 1612 1731 mores
1625 1661 1797 1754 probent,
1823 1671 1857 1729 et
1880 1671 2040 1752 sperent,
2066 1683 2150 1730 eum
2166 1683 2245 1730 ma·

203 1760 394 1847 dentiores.
444 1757 543 1831 Bene
559 1761 649 1837 vale.
1250 1785 1319 1853 gno
1333 1762 1415 1832 usui
1431 1777 1464 1833 et
1479 1778 1689 1834 ornamento
1711 1761 1928 1854 reipublicae
1943 1762 2033 1835 fore.
2085 1757 2240 1832 Oramus

948 1857 1149 1956 Philippus.
1250 1864 1355 1934 etiam
1373 1863 1485 1935 filium
1502 1862 1582 1950 Dei,
1608 1865 1671 1958 qui
1685 1887 1768 1934 vere
1782 1863 1880 1934 sedet
1893 1865 1937 1934 ad
1953 1865 2105 1934 dextram
2119 1875 2230 1931 aeter·

1250 1966 1291 2034 ni
1312 1965 1422 2056 patris
1445 1968 1533 2036 dans
1553 1967 1647 2036 dona
1671 1961 1896 2051 bominibus,
1922 1965 2046 2046 idest,
2072 1964 2227 2033 salutares

1251 2069 1520 2156 gubernatores,
1556 2081 1597 2139 ut
1612 2063 1708 2138 huuc
1723 2061 1934 2136 Ewaldam
1960 2065 2089 2138 efficiat
2113 2067 2237 2144 σκεῦος

207 2193 276 2269 ΝΟ,
295 2191 408 2270 5303⁸
1086 2209 1119 2270 5,
1132 2198 1199 2264 lun.
1252 2165 1372 2249 ἐλέους
1386 2183 1420 2240 et
1434 2192 1593 2259 organon
1613 2171 1767 2240 salutare
1787 2191 1870 2238 suae
1892 2170 2031 2239 animae
2053 2165 2245 2258 etReipu-

208 2291 415 2324 m
1092 2293 1193 2325 *u
1251 2271 1376 2342 blicae.
1426 2270 1505 2341 Hoc
1529 2272 1771 2343 testimonium
1787 2265 1957 2341 Ewaldo
1975 2269 2157 2340 bonafide
2180 2267 2249 2339 tri-

434 2381 619 2466 Tpgtm
648 2379 705 2467 de
734 2380 976 2469 machoro,
1201 2403 1207 2417 ·
1251 2373 1413 2457 buimus,
1438 2387 1479 2444 ut
1500 2397 1581 2443 eum
1603 2373 1682 2443 aliis
1698 2367 1901 2443 Academiis
1922 2375 2128 2443 reverenter
2150 2393 2253 2441 com-

1251 2475 1476 2560 mendemus,
1509 2475 1592 2568 quia
1615 2475 1846 2546 iustissimum
1868 2487 1938 2562 est,
1970 2473 2066 2543 bona
2091 2471 2255 2563 ingenia,

1252 2577 1455 2666 praesertim
1472 2579 1601 2671 quibus
1617 2578 1753 2649 aditum
1769 2579 1815 2647 ad
1837 2575 2092 2670 rempublicam
2111 2575 2253 2646 nobili-

335 2708 522 2788 Omnibus
538 2711 685 2785 lecturis
700 2709 773 2785 has
790 2713 920 2788 mm„
935 2713 990 2814 (S.
1004 2712 1083 2812 D.)·
1251 2691 1304 2747 tas
1325 2679 1503 2768 patefecit,
1529 2681 1755 2764 confirmare,
1778 2695 1820 2751 ut
1834 2681 1880 2748 ad
1902 2677 2041 2770 generis
2057 2679 2171 2748 decus
2187 2679 2252 2747 ad-

1251 2781 1337 2850 dant
1351 2781 1533 2852 doctrinae
1547 2783 1803 2872 cognitionem,
1830 2806 1918 2874 qnae
1935 2782 1972 2850 in
1990 2780 2136 2850 iudiciis
2151 2803 2252 2850 sum-

204 2852 349 2936 Vefflm
372 2881 424 2938 0⁵1
448 2866 616 2952 ⁰fflssln⁰s
640 2867 739 2959 q1¹⁰d
764 2881 798 2938 θῑ
819 2865 921 2940 Plato
944 2879 978 2937 el
995 2861 1200 2958 ΧΕΠΟΡῘΙΟΠ
1251 2907 1390 2953 marum
1406 2908 1526 2954 rerum
1543 2883 1722 2954 communi
1740 2883 1833 2952 vitae
1845 2883 2040 2953 necessaria
2056 2895 2123 2957 est.
2147 2880 2250 2952 Bene

109 3043 117 3050 .
205 2967 381 3054 dixerunt,
409 2970 784 3054 ¹1⁰¹1b0V⁰⁵³b0b¹¹⁸s
809 2969 1111 3063 equ⁰⁵³b⁹q11582
1137 2973 1198 3039 fed
1250 2986 1327 3054 vale
1360 2987 1508 3056 candide
1536 2986 1657 3056 lector.
1708 2982 1854 3055 Calend.
1890 2978 2249 3058 Iuliianno1555.

204 3071 490 3160 apraestantiori
503 3084 642 3152 natura,
666 3071 831 3140 videlicet
845 3067 1109 3142 abhominibus
1122 3074 1198 3164 regi
1249 3111 1269 3154 a
1293 3100 1377 3156 ωηο
1399 3083 1541 3157 Christo
1563 3112 1603 3157 ex
1626 3087 1773 3177 virgine,
1827 3085 1934 3156 Αηῃο
1957 3109 1976 3154 a
2000 3081 2041 3158 C,
2057 3083 2115 3160 M,
2133 3081 2249 3158 5517,

204 3185 382 3264 oportere:
417 3172 468 3242 sic
490 3167 653 3241 homines
674 3185 760 3242 tunc
785 3173 936 3243 feliciter
959 3174 1052 3262 regi,
1079 3197 1197 3245 cuma
1249 3189 1306 3257 die
1324 3201 1419 3258 sexto
1436 3186 1532 3258 Iunii
1541 3184 1590 3283 ⁴),
1617 3215 1688 3284 quo
1704 3202 1785 3260 ante
1802 3211 1915 3259 annos
1931 3185 2029 3260 1892
2038 3180 2247 3256 Alexander

202 3273 452 3365 praestantiori
476 3288 601 3344 natura
627 3287 818 3362 reguntur,
855 3274 1021 3344 videlicet
1044 3270 1197 3348 heroica.
1250 3288 1398 3360 Macedo
1415 3305 1594 3366 natusest,

204 3373 290 3444 ldeo
306 3375 402 3446 Deus
417 3377 566 3464 gradum
582 3375 760 3444 nobilium
775 3400 796 3443 a
814 3375 948 3466 populo
965 3376 1137 3461 distinxit,
1163 3389 1197 3446 et

204 3476 339 3546 indidit
355 3499 479 3546 eorum
494 3475 646 3564 ingeniis
661 3471 821 3545 heroicos
836 3476 989 3567 impetus
1014 3480 1059 3546 ad
1083 3478 1197 3547 virtu-

204 3590 295 3656 tem,
326 3599 415 3669 quos
438 3576 515 3647 vult
536 3575 697 3646 doctrina
725 3577 917 3666 gubernari
939 3591 974 3648 et
995 3579 1196 3648 confirmari

203 3673 354 3748 honesta
372 3679 644 3752 adsuefactione.
694 3675 767 3767 Qui
793 3678 903 3768 igitur
923 3679 961 3748 in
986 3674 1196 3751 hocordine
1249 3640 1315 3714 ΝΟ·
1339 3641 1454 3717 58⁰4·
1898 3722 1902 3730 ·
2129 3643 2249 3726 ΜΨ·

204 3779 320 3850 studia
338 3779 519 3848 doctrinae
533 3793 567 3849 et
581 3775 723 3850 virtutis
737 3781 878 3864 colunt,
904 3781 1003 3872 digni
1022 3795 1106 3853 sunt
1122 3784 1197 3852 eriss
1256 3739 1468 3777 m
1778 3845 1787 3864 .
2118 3741 2251 3767 w»

205 3880 279 3949 mio
295 3873 441 3950 bonore.
468 3878 560 3951 Cum
575 3894 691 3950 autem
707 3881 745 3950 in
762 3877 827 3951 hac
838 3879 1027 3952 Academia
1044 3885 1196 3974 amplius
1443 3842 1813 3946 (emmendalw
1844 3842 2044 3944 Peme)

206 3981 445 4076 quadriennio
465 3982 593 4051 vixerit
610 3977 804 4054 Ecvaldas
821 3977 1004 4070 Bluchar,
1029 3999 1133 4056 natus
1155 3987 1191 4056 in
1348 4017 1446 4075 Manlii
1465 4019 1534 4073 tarra
1554 4059 1561 4074 ‚
1592 4035 1619 4090 p.
1636 4018 1688 4070 459
1704 4035 1748 4090 ,φ
1796 4019 1866 4072 trem
1886 4013 1915 4070 a„
1935 4015 2035 4089 Sertpt.
2059 4018 2139 4090 pust.
2162 4021 2250 4077 Aead.

203 4083 339 4154 familia
358 4082 473 4154 nobili
486 4083 600 4172 gentis
615 4083 850 4166 Pomeranac,
874 4086 1110 4178 comperimus
1128 4111 1194 4158 ua·
1385 4088 1499 4144 Witeb.
1518 4037 1599 4142 iifl·
1619 4107 1645 4160 t>-
1659 4087 1719 4143 2⁵⁵·

205 4199 323 4255 turam
347 4185 421 4254 eins
440 4185 621 4254 doctrinae
635 4209 796 4277 capacem
813 4211 904 4272 esse,
927 4202 962 4258 et
983 4213 1098 4258 mores
1123 4213 1196 4260 esse

202 4281 384 4359 honestos.
436 4285 598 4380 Cumque
611 4288 801 4356 domestica
825 4289 1014 4380 disciplina
1028 4292 1073 4360 ad
1094 4293 1195 4380 agni·

203 4387 338 4458 tionem
356 4401 388 4458 et
404 4387 666 4458 invocationem
682 4390 757 4458 veri
773 4387 840 4457 Dei
860 4392 1072 4460 assuefactus
1097 4408 1196 4478 esset,

204 4489 360 4558 studiose
382 4490 508 4560 didicit
531 4489 702 4579 integram
719 4491 918 4560 doctrinam
938 4494 982 4560 de
997 4489 1073 4562 Deo
1097 4506 1132 4563 et
1153 4495 1195 4564 de
1248 4485 1423 4588 Quisquis
1438 4511 1490 4566 est
1506 4491 1564 4566 bic
1579 4494 1795 4586 peregrinus,
1812 4493 1873 4584 qui
1887 4488 2142 4563 seait'Pcrsam
2159 4514 2248 4576 esse,

204 4590 383 4660 beneficiis
409 4592 546 4660 domini
570 4593 683 4660 nostri
703 4589 806 4672 I.C.,
840 4607 874 4662 et
897 4593 1006 4660 animi
1033 4594 1194 4684 pietatem
1248 4617 1280 4668 et
1296 4601 1439 4690 quidem
1457 4599 1570 4668 filium
1595 4597 1687 4686 regis
1703 4593 1905 4664 Persarum:
1936 4606 2056 4662 tamen
2079 4618 2162 4663 cum
2180 4619 2247 4686 pe-

204 4715 285 4760 vera
301 4693 526 4762 invocatione
541 4691 606 4762 Dei
626 4694 664 4761 in
681 4693 806 4764 fiducia
825 4693 1029 4764 mediatoris
1047 4691 1193 4764 honesta
1246 4701 1409 4791 regrinus
1433 4701 1477 4770 sit
1499 4713 1533 4770 et
1555 4721 1719 4776 mancus,
1753 4696 1863 4764 simus
1884 4719 2056 4764 memores
2080 4697 2246 4766 mandati

203 4816 343 4863 morum
376 4795 634 4881 gubernatione
659 4795 823 4868 declarat.
882 4789 940 4864 Ad
967 4791 1053 4865 haec
1079 4799 1193 4866 studia
1246 4803 1382 4888 divini,
1422 4804 1517 4894 quod
1554 4799 1724 4892 praecipit
1756 4790 1947 4889 hospitalia
1978 4797 2095 4867 officia
2128 4799 2245 4868 tribui

203 4895 367 4962 adiunxit
395 4895 616 4988 eloquentiae
645 4897 826 4980 exercitia,
866 4898 1044 4990 adquam
1068 4911 1193 4968 natura
1247 4959 1471 4974 ,........-.

203 4995 351 5098 idoneus
376 5009 447 5078 est,
476 5013 584 5090 utque
610 4998 723 5066 oratio
747 5022 788 5066 ex
817 4999 977 5070 fontibus
1002 5000 1194 5089 sapientiae
1279 5048 1308 5111 1)
1328 5043 1391 5099 vm·
1408 5060 1490 5114 supra
1509 5059 1553 5112 ep.
1572 5041 1606 5096 ,g
1624 5039 1757 5098 mgnum
1777 5039 1804 5099 d.
1822 5038 1862 5096 ιε,
1876 5037 1944 5110 ΑΨ,
1963 5037 1988 5095 b,
2006 5053 2034 5096 2,

201 5109 429 5181 sumeretur,
445 5097 547 5167 initia
570 5099 697 5170 didicit
719 5099 901 5171 doctrinae
924 5101 967 5170 de
987 5117 1113 5172 natura
1135 5127 1193 5172 re·
1277 5129 1306 5196 2)
1329 5128 1399 5182 coa.
1413 5127 1474 5182 Par.
1490 5126 1742 5181 paxermannum.

201 5265 425 5282 .........-.
1277 5213 1306 5282 5)
1325 5221 1375 5282 ex]
1394 5211 1522 5283 rescripsi
1541 5229 1592 5282 pro
1611 5220 1664 5266 est.

229 5351 236 5360 .
1277 5301 1309 5371 4)
1328 5299 1480 5368 Quomodo
1498 5299 1564 5354 baec
1581 5287 1679 5368 duplex
1700 5296 1753 5350 diei
1770 5293 1929 5367 significatio
1945 5291 2080 5356 estiterit,
2110 5293 2251 5368 explicare

210 5365 260 5440 “J
278 5369 359 5424 Addit
374 5371 405 5425 A.
418 5369 455 5427 D.
473 5401 508 5412 -
543 5367 586 5424 De
606 5369 888 5429 adversavaletudioe
909 5371 1189 5432 Mtehsetialtteiens.
1312 5385 1369 5422 uon
1389 5385 1541 5438 possumus.
1582 5367 1739 5420 Secundum
1762 5363 1837 5418 Pauli
1855 5361 1938 5418 Eteri
1958 5361 2156 5420 calendarium
2178 5363 2254 5421 Ale-

268 5438 321 5495 rid.
336 5441 413 5512 epist.
424 5439 473 5494 tilii
487 5457 556 5513 quae
568 5441 673 5498 adiecta
686 5452 726 5497 eat
739 5445 867 5516 epistolae
879 5462 935 5517 seq.
1311 5437 1414 5494 under
1429 5438 1546 5507 Msguus
1559 5435 1603 5493 die
1617 5434 1664 5494 Vl·
1677 5433 1748 5492 lunii
1766 5443 1847 5490 ΜΝ*
1860 5443 1910 5490 ⁸⁸²·

273 2563 294 2627 -ι-
310 2557 350 2613 Ex
363 2575 458 2631 apogr.
472 2555 501 2610 in
518 2555 583 2614 cod.
597 2555 685 2612 Paris.
700 2555 736 2612 ὓ.
751 2554 783 2613 Ι..
797 2556 863 2613 54¹.

1249 4237 1436 4317 Omnibus
1454 4243 1602 4316 lecturis
1616 4239 1690 4314 has
1705 4241 1845 4327 literas,
1870 4237 2024 4330 Rector,
2050 4237 2252 4338 Magistri

1310 4358 1341 4418 et
1359 4345 1539 4420 Doctores
1554 4342 1776 4417 Academiae
1797 4342 1840 4416 V
1835 4342 2071 4438 itabergcasis
2087 4344 2125 4418 S.
2140 4343 2187 4422 D.
