4670 6168
269 210 338 284 111

268 383 403 458 Deum,
430 373 875 464 angeinmredemptorem.
923 369 1005 440 Nan
1020 368 1115 438 enirn
1137 367 1253 440 inser-

267 497 343 552 tum
362 491 412 548 est
429 468 564 569 μόριον
585 475 823 565 cepolativnm
851 472 887 540 in
909 472 1060 544 lectione
1079 467 1252 542 Hebraea.

268 581 373 654 llnnc
386 578 549 668 angelum
563 575 679 648 Deum
698 576 786 666 grati
800 573 1032 656 celebremus,
1045 575 1139 666 qnod
1155 596 1251 642 nurse

265 705 407 778 qnoque
420 703 482 749 vos
495 679 533 748 in
549 679 675 748 itinere
689 678 792 760 texit,
802 689 836 746 et
849 689 883 746 te
900 673 1076 746 Ecclesiae
1089 687 1172 744 tuae
1185 674 1251 742 do-

266 784 429 854 mesticae
448 795 482 852 et
497 781 659 871 publicae
682 779 845 848 restitnit.
897 775 1179 868 Responsionent
1206 775 1250 844 de

267 879 448 955 Staneari
468 879 707 952 controversia
734 879 888 964 absolvi,
920 900 1009 972 quae
1041 877 1105 948 etsi
1135 877 1251 946 lenior

268 1004 336 1070 est,
361 1009 465 1079 quam
481 1005 582 1052 eausa
603 980 773 1071 postulet,
799 994 916 1050 tamen
936 992 1017 1048 utut
1041 978 1166 1068 scripta
1190 991 1252 1060 est,

267 1103 300 1160 11
315 1110 414 1180 spero
429 1083 617 1156 lectoribus
636 1083 704 1173 piis
724 1095 857 1170 gratam
877 1083 964 1153 fore.
1017 1077 1160 1149 Mittam
1187 1103 1251 1147 vo-

266 1189 321 1260 his
335 1185 604 1282 quamprimum
622 1183 777 1274 exempla
799 1182 971 1273 descripta
993 1175 1143 1251 habebo.
1195 1181 1251 1250 De

266 1281 488 1362 Marchionis
504 1281 649 1354 Alberts'
664 1285 791 1354 itinere
807 1284 928 1352 audies
943 1283 1182 1350 narrationem
1198 1281 1251 1351 tui

266 1389 433 1462 ministri.
484 1385 580 1457 Bene
596 1399 630 1456 et
642 1385 792 1454 feliciter
809 1385 896 1456 vale.
954 1383 1009 1456 18.
1025 1381 1129 1455 lunii.

1001 1479 1202 1576 Philippus.

278 1689 616 1708 ..nunna—*⁸⁸

263 1839 329 1911 No.
346 1835 458 1908 5417.

268 1935 481 1970 Μ

634 2017 894 2104 Wernisero.

335 2177 411 2248 'slis
429 2196 523 2250 apogr.
542 2179 605 2234 eod.
624 2177 794 2250 Guelpberb.
812 2177 840 2232 iu
860 2175 911 2232 sol.
930 2196 977 2232 oo·
990 2177 1016 2233 7.
1031 2180 1056 2234 9.
1075 2199 1103 2252 p.
1125 2178 1183 2234 195.

1099 1847 1157 1908 ΞΟ.
1170 1835 1240 1902 leta.

1078 1927 1249 1962 Μ

264 2337 477 2416 Reverendo
497 2337 591 2418 eiro,
616 2331 819 2408 eruditione
840 2345 872 2407 et
889 2335 1018 2408 virtute
1032 2337 1253 2435 praestanti,

266 2443 321 2520 D.
363 2436 646 2521 Wernhero,
690 2433 844 2509 Pastori
882 2435 1072 2509 Ecclesiae
1103 2437 1185 2510 Dei
1214 2439 1254 2512 in

400 2567 482 2616 eree
506 2537 727 2626 Borbiensi,
744 2538 873 2640 sratri
894 2565 963 2613 suo
989 2540 1137 2626 carisa,

267 2681 315 2768 S.
334 2693 380 2768 D.
435 2693 644 2763 venerande
659 2691 714 2760 vir
735 2705 769 2762 et
786 2691 963 2760 carissime
985 2691 1105 2764 irater.
1157 2689 1255 2780 Seia,

267 2811 301 2868 te
320 2799 436 2868 virum
454 2797 665 2888 prudentem
684 2793 907 2864 considerare
922 2787 1109 2864 hominum
1124 2793 1255 2864 volun-

266 2915 355 2974 tates
377 2915 412 2970 et
432 2898 631 2967 discernere
651 2896 788 2966 socosas
802 2895 973 2966 amicitias
988 2919 1007 2964 a
1020 2896 1123 2968 veris.
1175 2891 1253 2986 Ego

266 3003 441 3074 affirmare
455 3023 616 3092 possum,
641 3009 674 3067 te
688 3019 768 3066 vere
782 3021 801 3066 a
814 3019 871 3066 me
885 2995 1005 3086 diligi,
1026 2997 1134 3091 idque
1147 2995 1254 3068 intel-

266 3105 374 3194 ligere
396 3115 431 3172 te
454 3102 619 3172 arbitror.
672 3097 794 3192 ltaque
818 3097 936 3188 legens
958 3113 1055 3168 tuam
1075 3099 1255 3193 quaestio-

266 3229 348 3276 nem
382 3227 509 3294 magno
548 3201 671 3272 dolore
702 3199 859 3274 adficior.
916 3197 1103 3290 Respondi
1135 3199 1266 3270 antem

266 3305 495 3398 simpliciter,
519 3317 555 3372 et
568 3305 691 3372 endem
705 3302 811 3369 modo
834 3291 1149 3386 saumatam,
1175 3293 1251 3370 Pa-

266 3416 361 3489 stor,
383 3419 417 3474 et
431 3427 493 3493 ego
510 3403 629 3470 merltis
650 3400 905 3491 respondimus.
958 3395 1006 3470 Et
1021 3401 1160 3470 ostendi
1173 3424 1255 3492 pos-

268 3521 351 3578 sunt
366 3504 611 3596 responsiones
632 3497 698 3571 hoc
712 3503 819 3570 moda
839 3501 988 3591 scriptae
1011 3514 1093 3572 ante
1118 3503 1256 3595 aliquot

268 3632 392 3678 annos.
451 3605 708 3692 lntelligimus,
740 3595 1018 3692 prohibitionem
1041 3603 1080 3672 in
1094 3601 1253 3673 Levitico

269 3709 367 3802 loqui
384 3733 458 3778 non
473 3720 610 3778 tantum
629 3705 672 3772 de
691 3725 838 3794 persone
853 3704 987 3794 patrui,
1013 3705 1073 3772 sed
1088 3703 1194 3774 etiam
1209 3705 1254 3774 de

268 3813 403 3902 gradu,
428 3812 472 3878 de
494 3807 611 3876 amitis
635 3817 670 3876 et
690 3805 897 3876 materteris.
950 3804 989 3876 si
1004 3804 1084 3898 quis
1105 3819 1254 3876 conten-

268 3915 357 3982 tiose
372 3913 544 4003 disputat,
571 3909 607 3976 in
625 3905 782 3976 Levitico
805 3919 941 3978 tantum
967 3909 1011 3974 de
1028 3921 1152 3998 patruo
1169 3931 1254 3999 pro-

269 4011 482 4085 hibitionem
510 4009 774 4096 intelligendam
799 4031 890 4092 esse,
919 4007 948 4076 is
975 4007 1159 4076 blanditur
1188 4004 1254 4076 ho-

268 4117 407 4186 minnm
424 4111 627 4182 adfectibus.
680 4107 830 4176 Memini
847 4111 1023 4202 quendam
1037 4104 1253 4177 Sles'nicinm

269 4221 397 4289 ducere
409 4229 528 4284 natam
544 4235 585 4280 11
599 4233 718 4279 sorore
733 4225 893 4278 mortuae
911 4210 1089 4300 coniugis,
1116 4223 1151 4280 et
1172 4233 1253 4279 essm

269 4333 347 4412 post
370 4319 499 4388 lactum
521 4333 668 4401 magnae
685 4311 908 4403 quaestiones
932 4311 1129 4390 orirentur,
1155 4333 1254 4380 moe-

269 4421 363 4492 stitia
380 4413 578 4504 consumpti
594 4423 677 4481 snut
694 4409 749 4478 vir
764 4423 799 4480 et
815 4434 916 4480 nsor.

371 4519 458 4592 Sum
483 4516 649 4596 miratus,
681 4511 803 4580 eadem
830 4511 907 4594 die,
935 4536 1005 4604 qno
1035 4523 1113 4582 tuas
1136 4511 1253 4602 accepi

270 4623 406 4704 literas,
431 4617 547 4710 accepi
565 4627 600 4686 et
615 4611 761 4684 alteram
776 4611 959 4703 epistolam
976 4637 995 4684 a
1015 4625 1155 4704 pastore
1165 4607 1253 4680 Do-

271 4717 405 4800 arensi,
434 4721 493 4814 qui
519 4737 661 4812 prorsus
681 4715 827 4784 eandem
849 4714 1090 4808 quaestionem
1121 4735 1253 4806 propo·

271 4823 361 4903 snit,
386 4843 426 4888 ae
449 4821 612 4910 cupiebat
634 4829 669 4888 et
692 4815 766 4908 ipse
779 4815 906 4884 ducere
929 4827 1047 4884 natam
1070 4837 1110 4882 es
1133 4835 1254 4884 sorore

271 4920 430 5010 coniugis
452 4933 620 4988 mortuae.
671 4915 876 5008 Respondi,
904 4909 1083 5006 prohiberi
1109 4909 1172 4984 has
1192 4915 1255 4982 de-

271 5019 514 5117 sponsationes
536 5019 611 5088 iure
635 5019 769 5088 divino.
831 5013 938 5086 Mitto
959 5011 1055 5088 hunc
1087 5013 1254 5086 nuntium

272 5149 348 5196 mea
371 5121 548 5214 mercede,
581 5131 621 5188 ut
642 5115 771 5190 habeas
794 5117 1079 5210 responsionem,
1113 5129 1148 5188 et
1172 5127 1255 5206 peto

272 5241 312 5300 ut
334 5219 423 5294 1111111
444 5219 630 5302 rescribas,
661 5233 702 5290 nt
720 5221 891 5312 accepisse
912 5235 945 5290 te
967 5243 1083 5290 meam
1108 5239 1255 5310 respon-

274 5329 427 5410 sionem,
478 5335 573 5394 certo
606 5319 724 5390 sciam.
784 5323 1000 5416 Quanquam
1035 5333 1151 5392 autem
1186 5315 1255 5390 ali·

850 195 1287 276 EPlSTOLllllUbl
1350 199 1454 278 ΗΒ,
1480 198 1562 278 Xll.
1591 197 1723 280 1661.

2201 205 2260 284 ttt

1304 371 1384 464 quis
1427 383 1571 462 argutus
1613 371 1804 464 disputare¹
1834 383 1956 444 eontra
1996 393 2110 444 meam
2145 389 2259 446 senten-

1305 473 1387 542 tiam
1419 473 1552 566 aliqnid
1586 473 1733 565 poterit,
1765 487 1883 547 tamen
1907 467 1982 548 hoe,
1999 486 2129 548 eertum
2150 489 2209 560 est,
2232 491 2262 563 11

1305 574 1553 668 tranquillitati
1566 573 1887 650 tnaeconsclentiae
1900 573 2030 644 melius
2044 575 2261 648 consulturum

1303 699 1397 756 esse,
1424 675 1453 745 si
1467 676 1553 746 tales
1575 675 1863 767 desponsationes
1881 675 2022 749 vitabis.
2072 669 2147 746 Oro
2167 691 2263 750 auten

1303 777 1414 846 lilium
1428 775 1514 861 Dei,
1541 789 1582 847 ut
1600 778 1787 848 consilinm
1806 791 1906 848 tuum
1922 789 2043 868 regat..
2091 773 2181 848 Bene
2193 762 2272 875 eale:

1303 876 1369 949 Die
1383 879 1445 953 20.
1460 877 1555 950 lunii
1574 873 1684 954 1553.
2267 890 2270 911 '

1995 1031 2000 1041 .
2045 973 2228 1072 Philippus.
2267 960 2273 1117 ι

1373 1187 1547 1258 [„Qosestio
1565 1207 1681 1262 sequens
1697 1189 1793 1245 iisdem
1810 1187 1895 1248 literis
1909 1189 2096 1260 11111111111,
2114 1190 2187 1246 etism
2201 1168 2274 1247 used

1406 1257 1524 1332 Philippi
1541 1259 1736 1330 soripts‘'=]*)

1304 1395 1402 1481 †An
1415 1397 1522 1472 liceat
1539 1396 1664 1472 docere
1679 1409 1809 1472 notam
1825 1421 1872 1472 ee
1888 1423 2012 1472 sorore
2027 1408 2188 1470 mortuae
2201 1346 2274 1470 con-l

1735 1501 1861 1598 iugis?

1408 1653 1557 1743 Levitiei
1573 1659 1632 1732 ts.
1654 1658 1837 1729 manifesta
1862 1651 2059 1748 prohibitio
2080 1670 2146 1726 est:
2172 1651 2260 1751 turp'

1306 1748 1468 1826 tudinem
1488 1757 1621 1856 patrui
1640 1756 1698 1830 tui
1722 1781 1766 1828 ne
1797 1755 1946 1839 reveles,
1987 1779 2050 1828 neo
2072 1751 2265 1826 1111111111

1306 1881 1456 1928 oxomen
1472 1859 1567 1944 eins,
1591 1875 1631 1932 ut
1644 1859 1736 1932 Duri
1757 1857 1888 1932 Uirieo
1906 1857 2190 1950 Megalbnrgensi
2215 1859 2279 1927 11

1307 1961 1426 2030 liceret
1440 1963 1567 2032 ducere
1584 1965 1729 2033 viduam
1745 1963 1903 2034 relictam
1919 1963 1965 2030 ab
1978 1957 2141 2031 Hearieo
2156 1948 2282 2132 patrqu

1423 2061 1495 2132 lam
1517 2067 1647 2154 padus
1668 2066 1762 2134 idem
1784 2079 1835 2136 est
1855 2063 2012 2158 puellae,
2037 2087 2128 2158 qnae
2147 2075 2252 2131 natae

1306 2185 1481 2233 exserere
1496 2191 1592 2240 meae
1606 2167 1787 2256 coniugis,
1799 2168 1843 2236 ad
1861 2179 2103 2248 materteram,
2118 2175 2157 2234 nt
2170 2185 2251 2257 quae

1308 2278 1440 2354 posset,
1461 2289 1507 2336 an
1529 2263 1619 2336 mihi
1638 2268 1760 2338 liceret
1780 2269 1908 2338 discere
1927 2265 2036 2334 filiam
2057 2267 2209 2336 doctoris
2221 2259 2284 2350 Se,

1307 2359 1434 2450 baldi,
1459 2383 1578 2439 natam
1593 2391 1769 2439 exserere
1784 2393 1879 2438 meae
1893 2367 2065 2456 coniugis.
2283 2355 2284 2380 ¹

1407 2467 1519 2562 Saepe
1536 2471 1580 2540 de
1596 2467 1661 2541 hae
1677 2469 1881 2565 quaestione
1894 2467 2102 2560 interrogati
2125 2481 2203 2538 sunt
2229 2461 2285 2536 bie

1306 2559 1516 2658 Latiares,
1545 2563 1683 2644 Pastor
1701 2587 1736 2643 et
1755 2571 1830 2646 alii.
1881 2565 1931 2641 At
1952 2591 2089 2666 semper
2106 2567 2285 2660 respondi·

1307 2693 1403 2756 mus,
1432 2667 1495 2742 has
1517 2675 1806 2766 desponsationes
1826 2667 2065 2764 prohibendos
2082 2691 2168 2752 esse,
2199 2669 2279 2762 qnia

1307 2771 1345 2840 in
1360 2771 1519 2846 Levitico
1535 2776 1764 2868 intelligenda
1783 2775 1829 2846 sit
1842 2770 2035 2866 prohibitio
2054 2795 2124 2841 non
2143 2781 2276 2838 tantum

1306 2875 1350 2943 de
1365 2897 1515 2965 persona
1540 2879 1680 2969 patrui,
1707 2881 1765 2948 sed
1788 2879 1833 2948 de
1850 2878 1981 2966 gradu,
2004 2873 2160 2945 videlieet
2176 2871 2277 2940 etiam

1307 2977 1351 3045 de
1371 2979 1568 3052 materteris
1594 2995 1628 3052 et
1650 2979 1781 3052 amitis.
1834 2975 1922 3048 Vult
1942 2975 2039 3047 Dens
2060 2971 2286 3046 reverentiam

1304 3079 1489 3168 sanguinis
1503 3081 1672 3153 maiorem
1693 3105 1766 3152 esse
1784 3102 1864 3169 erga
1880 3079 2101 3171 superiores,
2126 3099 2232 3170 quam
2253 3073 2288 3140 in

1305 3179 1400 3249 linea
1421 3183 1570 3276 aequali.
1627 3180 1718 3253 Dico
1740 3184 1848 3273 igitur
1867 3195 1901 3252 et
1925 3181 2003 3251 iure
2024 3180 2149 3248 divino
2173 3170 2288 3270 probi·

1306 3281 1384 3352 beri
1396 3283 1702 3374 desponsationem
1719 3283 1858 3376 puellae
1874 3305 1957 3352 curn
1968 3283 2045 3351 viro
2062 3293 2283 3350 materterae.

1410 3382 1492 3454 Seio
1517 3386 1604 3477 quid
1626 3401 1770 3476 argutus
1792 3383 1990 3474 disputator
2011 3407 2199 3475 opponere
2222 3401 2288 3474 pos

1307 3482 1362 3554 sit.
1413 3481 1482 3553 Sed
1498 3479 1566 3554 hoc
1588 3487 1776 3558 consilium
1797 3478 1982 3554 honestius
2001 3497 2054 3556 est
2075 3499 2108 3556 et
2133 3487 2181 3554 ad
2204 3499 2288 3554 tran·

1307 3583 1520 3676 quillitatem
1540 3589 1775 3659 conscientiae
1798 3585 1944 3671 utilius,
1974 3586 2191 3678 praesertim
2226 3607 2288 3654 eun

1307 3685 1516 3756 deliberatio
1531 3688 1569 3756 111
1583 3703 1665 3759 ante
1677 3692 1821 3763 factum.

1408 3783 1511 3858 Hane
1538 3813 1651 3860 meam
1679 3791 1945 3882 responsionem
1980 3805 2078 3884 potes
2110 3791 2288 3863 ostender

1306 3887 1530 3958 indicandam
1545 3893 1675 3984 quibus
1698 3893 1814 3978 voles,
1833 3893 1944 3964 'etiam
1966 3893 2094 3963 vicinis
2114 3895 2198 3966 tuis
2224 3891 2288 3962 Par

1306 3983 1572 4083 thenopeis”).

1814 4143 2002 4240 Philippus
2020 4143 2274 4220 Melanthea.

1307 4379 1752 4394 ..μ-’.ι-ῌ--ιιιι

1308 4567 1498 4696 Q.

1605 4771 1671 4862 Io.
1702 4771 1979 4894 Aarifabro.

1405 4933 1425 4998 1
1444 4928 1481 4984 Rs
1498 4947 1594 5006 apogr.
1615 4935 1643 4990 111
1661 4939 1728 4996 osd-
1746 4937 1833 4996 Paris.
1852 4941 1887 4996 D.
1907 4943 1940 4996 l...
1964 4941 1996 4996 11
2009 4945 2031 4997 ’.

1309 5093 1522 5107 mutu—n-

1340 5187 1367 5250 t)
1388 5181 1476 5239 Verbo
1495 5185 1570 5252 elus,
1590 5185 1636 5259 qui
1657 5185 1798 5258 epistolem
1817 5203 1847 5240 es
1867 5187 2034 5262 autographo
2051 5185 2237 5261 descripsit.

1340 5269 1389 5338 Ἀ)
1410 5269 1558 5354 adscripsit
1567 5307 1576 5336 ‚
1595 5269 1642 5340 qoi
1658 5269 1727 5351 bene
1738 5267 1817 5352 11111.
1825 5269 1978 5344 descripsit,
1991 5271 2074 5326 bseee
2094 5269 2215 5342 „ime
2226 5277 2288 5334 1111

1379 5357 1462 5412 pnes
1481 5337 1661 5409 eberogrspbo
1676 5337 1809 5412 Pbslspps.
1828 5339 1873 5398 29.
1886 5343 1958 5412 Aug.
1974 5339 2072 5398 Μ’*
