4808 6176
218 269 295 350 tto

221 436 424 540 Georgium
440 457 476 516 et
490 437 671 514 Iacobum
680 433 718 537 ⁴⁵)
741 464 803 512 sua
820 437 1004 531 diligentia
1027 451 1063 510 et
1085 435 1211 506 mode·

223 549 362 620 ratione
389 571 518 618 ornare
552 546 791 616 ministerium
815 541 1022 632 Evangelii,
1054 553 1089 610 et
1109 539 1213 608 vobis

222 653 393 722 omnibus
407 649 634 720 concordiam
656 663 691 720 et
706 647 1000 740 tranquillitatem
1017 656 1113 735 opto.
1165 637 1214 710 Et

219 750 336 824 Deum
361 777 446 833 oro,
472 766 514 822 ut
534 764 650 822 servet
672 745 800 820 harum
820 747 1024 838 Regionum
1038 741 1214 815 Ecclesias

218 869 253 926 et
271 851 530 939 Ecclesiarum‚
556 853 777 932 studiorum,
804 851 986 922 doctrinae
1003 861 1039 918 et
1055 844 1214 938 discipli-

220 983 287 1027 nae
313 953 485 1048 hospitia,
511 971 545 1027 et
567 969 607 1026 ut
629 979 693 1026 vos
716 976 859 1049 quoque
883 967 917 1024 et
944 965 1078 1023 vestros
1098 961 1214 1020 servet

219 1059 430 1131 incolumes.
460 1112 463 1118 ,
479 1057 578 1130 Bene
593 1058 719 1133 valete.

962 1149 1163 1246 Philippus.

228 1569 295 1644 No.
314 1567 426 1640 5726.

220 1667 434 1706 Μ

526 1763 595 1855 1ο.
626 1764 893 1854 Matthaeio.

281 1929 366 2004 Epist.
384 1926 433 1986 lib.
446 1927 481 1984 ll.
499 1945 526 1998 p.
540 1924 584 1982 90.
602 1925 658 1996 (ed.
675 1925 766 1983 nond.
785 1925 834 1982 lib.
847 1924 881 1984 ll.
899 1946 944 2000 ep.
956 1926 1018 2000 764

418 2083 473 2162 D.
500 2054 719 2160 lobanni
739 2079 1004 2159 Mottbesio

212 2231 262 2321 S.
288 2241 336 2318 D.
385 2239 596 2314 Reverende
619 2239 676 2310 vir
701 2255 735 2310 et
755 2235 962 2310 charissime
980 2243 1106 2328 irater,
1158 2240 1207 2315 Ut

210 2373 287 2418 mea
303 2345 490 2416 assiduitas
504 2356 539 2412 te
554 2343 599 2412 ad
616 2343 845 2412 scribendum
862 2343 1008 2429 invitet,
1026 2345 1146 2414 literas
1159 2346 1205 2414 do

210 2449 376 2520 omnibus
390 2471 482 2540 quos
500 2447 545 2515 ad
564 2467 628 2514 vos
643 2445 757 2516 ituros
772 2467 846 2512 esse
867 2445 993 2531 audio,
1021 2459 1125 2540 teque
1140 2471 1204 2516 oro

210 2568 250 2626 ut
276 2549 449 2643 significes
476 2545 582 2616 nobis
608 2547 790 2639 quomodo
814 2546 942 2620 valeas.
994 2543 1072 2618 Oro
1099 2547 1203 2617 etiam

210 2655 345 2725 Filium
367 2649 434 2721 Dei
457 2647 655 2720 Dominum
681 2663 842 2716 nostrum
869 2645 984 2718 lesum
1009 2646 1203 2735 Christum,

209 2771 249 2827 ut
263 2754 373 2824 animi
392 2765 426 2821 et
442 2749 601 2841 corporis
618 2750 710 2819 vires
732 2749 800 2820 tibi
817 2751 1012 2822 confirmet.
1063 2751 1203 2822 Princi-

209 2881 270 2950 pes
287 2857 433 2950 quidam
447 2854 550 2922 valde
565 2854 807 2937 contendunt,
831 2865 871 2923 ut
886 2853 1018 2924 nostris
1032 2851 1200 2926 Ecclesiis

212 2959 380 3056 Synodus
407 2955 595 3024 indicatur.
656 2953 815 3024 Maxime
848 2957 1001 3047 optarim
1027 2957 1141 3028 bonos
1167 2970 1202 3028 et

209 3065 332 3132 doctos
354 3058 449 3128 viros
463 3059 508 3126 de
526 3057 662 3150 aliquot
682 3057 839 3126 materiis
853 3057 1024 3153 colloqui.
1076 3058 1146 3132 Sed
1168 3061 1198 3130 si

210 3161 399 3233 dissimiles
412 3173 517 3229 erunt
530 3159 568 3226 in
588 3159 660 3228 illis
677 3159 926 3250 congressibus
940 3161 1020 3244 alii,
1038 3177 1199 3234 metuen-

209 3268 295 3337 dum
318 3276 406 3334 esset
420 3255 665 3334 Nazianzeni
688 3263 821 3332 dictum
844 3263 888 3331 de
904 3261 1077 3356 Synodis‚
1103 3267 1200 3358 quod

209 3368 275 3440 tibi
294 3379 418 3435 notum
437 3377 500 3436 est.
552 3363 660 3434 Mitto
676 3365 776 3434 vohis
793 3358 1068 3456 Definitionum
1092 3363 1200 3437 libel-

210 3468 288 3541 lam
311 3490 434 3536 rursus
457 3465 612 3548 editum,
644 3467 702 3536 cui
727 3467 766 3534 in
795 3465 865 3536 bue
889 3469 1003 3537 adieci
1027 3473 1199 3564 quaedam

209 3566 292 3664 περὶ
307 3567 435 3652 ἕξεων,
460 3589 551 3660 quae
565 3567 673 3636 velim
692 3582 726 3637 te
743 3581 777 3638 et
792 3559 1003 3665 Coeperam
1017 3571 1200 3664 inspicere.

209 3673 350 3746 Scribes
371 3663 463 3740 mihi
484 3669 590 3737 etiam
610 3669 641 3739 el
663 3665 853 3766 ὠφέλιμον
869 3666 974 3744 δοκεῖ
986 3669 1201 3773 συγκρίνειν

210 3768 384 3849 σύνοδον.
410 3769 509 3842 Bene
524 3770 603 3842 vale
619 3785 654 3843 et
667 3773 832 3848 rescribe.
857 3770 925 3845 Die
936 3774 999 3854 27.
1014 3775 1184 3852 Ianuarii.

221 4133 288 4206 No.
304 4129 419 4205 6727.

214 4233 427 4270 m

1044 4143 1103 4208 28.
1123 4134 1187 4198 len.

535 4313 611 4402 (ie.
641 4311 869 4401 Fabricio.
1032 4227 1203 4256 Μ

243 4453 263 4508 ⁸
278 4475 365 4550 Epist.
377 4473 426 4534 lib.
440 4473 475 4531 V.
488 4493 514 4548 p.
526 4471 579 4532 tto
591 4495 632 4550 sq.

242 4627 449 4730 Georgia
475 4629 725 4722 Fabricio,
748 4631 980 4731 gubernanti
999 4633 1167 4732 saboiam

577 4732 826 4815 Misnensem.

211 4872 258 4960 S.
283 4883 329 4960 D.
378 4881 595 4958 Charissime
609 4891 729 4962 irater.
782 4886 957 4961 Delectati
972 4913 1096 4962 sumus
1118 4917 1202 4962 nar-

210 4987 350 5060 ratione
375 4987 419 5059 de
442 4985 626 5062 Theodori
649 4989 766 5062 Gazae
788 4993 954 5085 praedio,
987 5007 1021 5066 et
1046 4989 1111 5062 hac
1137 5019 1202 5064 nos

210 5091 422 5181 cogitatione
436 5093 703 5180 confirmemus,
727 5119 832 5188 quam
855 5093 934 5181 itte,
959 5120 1023 5167 ceu
1040 5091 1203 5188 Epipho-

245 5331 427 5457 Ἲὸξῶοιῃὶἒιι
440 5334 587 5460 Erlgurdp'
601 5337 694 5420 lffastor
709 5337 741 5392 ad
754 5339 814 5394 aed.
827 5337 855 5394 S.
870 5339 961 5409 Petri,
981 5349 1009 5394 cl
1023 5339 1137 5398 lacobus
1146 5339 1203 5404 Sr-

280 5407 1017 5553 antistiti,libiliiiti¹2”.’ili‘.a'i.'⁸
1030 5419 1199 5486 ‘’mm‘'

789 257 1232 340 Eetsrouttttttnt
1283 256 1390 346 [ΑΒ.
1413 254 1497 337 llll.
1549 255 1687 342 1⁶55.

2179 257 2258 334 420

1262 457 1364 504 uerna
1392 433 1552 518 addidit,
1576 427 1740 504 Lelbum
1762 457 1837 504 non
1855 427 2091 528 omninfinit.
2141 430 2256 506 Cum-

1262 561 1331 630 que
1347 537 1498 606 sciamus
1512 531 1620 608 huius
1645 537 1739 608 vitae
1761 537 1877 608 studia
1903 551 2040 610 tantum
2065 559 2139 607 esse
2161 559 2257 630 noo·

1260 632 1469 736 γύμνασμα
1483 663 1544 709 ιοο
1560 639 1765 710 tirocinium
1779 641 1823 708 ad
1842 641 1940 710 illam
1964 653 2145 712 aeternam
2159 638 2258 714 Aca-

1261 743 1434 826 demiam,
1459 765 1657 832 speremus,
1681 740 1759 812 Deo
1781 765 1885 814 curae
1907 743 1984 813 iore
2008 755 2151 814 nostros
2173 763 2259 812 coe-

1261 857 1337 931 tus,
1362 858 1396 913 et
1412 857 1551 913 nostros
1565 843 1714 919 labores.

1376 943 1419 1016 ln
1444 938 1607 1015 Palania
1630 947 1851 1018 constituunt
1878 945 2045 1016 nonnulli
2076 941 2260 1016 Ecclesias

1260 1070 1360 1129 suas,
1393 1073 1433 1118 ac
1455 1049 1527 1119 iam
1551 1044 1679 1140 hospes
1702 1045 1895 1121 Polonicus
1920 1073 2058 1118 mecum
2083 1061 2156 1135 est,
2190 1050 2258 1143 qui

1260 1175 1424 1220 acervum
1444 1151 1691 1245 quaestionum
1710 1153 1844 1237 adfert,
1872 1175 1959 1247 quas
1975 1151 2027 1222 ibi
2041 1145 2258 1222 Stanearas

1262 1253 1392 1334 movit,
1419 1255 1482 1345 qui
1502 1267 1619 1324 tamen
1643 1253 1729 1323 inde
1746 1255 1861 1325 iussus
1881 1269 1932 1326 est
1951 1253 2149 1340 discedere,
2172 1279 2260 1324 cum

1261 1378 1335 1424 nou
1353 1356 1520 1426 desiverit
1534 1356 1743 1426 maledicere
1768 1357 1899 1428 nostris
1915 1352 2097 1427 Ecclesiis.
2149 1352 2260 1428 Abiit

1261 1457 1300 1525 iu
1310 1453 1567 1545 Walachiam,
1592 1455 1938 1544 iturusBizantium,
1960 1471 2001 1530 ut
2023 1481 2087 1548 ego
2106 1460 2259 1530 ratioci-

1178 1609 1188 1632 .
1260 1583 1339 1633 nor.
1392 1557 1520 1630 Vocati
1534 1583 1657 1632 sumus
1674 1563 1719 1631 ad
1733 1562 2026 1634 deliberationem
2041 1559 2197 1631 aulicam
2211 1564 2257 1634 de

1260 1661 1478 1754 inspectione
1491 1658 1743 1737 Ecclesiamm.
1796 1661 1942 1734 Utinam
1967 1687 2052 1732 vero
2076 1676 2174 1734 recte
2190 1667 2265 1734 de-·

1259 1764 1406 1834 liberata
1422 1765 1690 1855 perficerentur,
1716 1761 1814 1846 ἅπας
1826 1761 1902 1864 γὰρ
1919 1757 2028 1864 λόγος
2049 1760 2247 1857 ματαίοισι

1146 1877 1150 1886 ⁴
1258 1859 1429 1960 πράξεων
1444 1863 1599 1965 ἄμοιρος
1613 1859 1813 1968 γενόμενος
1819 1916 1832 1959 ,
1858 1883 1899 1940 ut
1913 1863 2165 1940 Demosthenes
2184 1869 2239 1936 in-

1259 1983 1348 2062 φη.
1360 2068 1469 2141 Mitto
1487 2071 1640 2162 pagellas
1662 2073 1706 2142 de
1722 2067 1865 2143 Electra
1876 2063 1933 2165 ”),
1958 2069 2053 2142 vires
2073 2071 2114 2142 in
2137 2071 2246 2140 medi-

1258 2171 1395 2242 catione
1420 2173 1593 2244 illustrari
1614 2174 1757 2260 malim,
1794 2197 1884 2268 quas
1905 2173 2063 2268 comperi
2084 2173 2254 2243 mirificas

1258 2297 1341 2345 esse.
1381 2273 1451 2345 Sed
1470 2270 1556 2345 haec
1573 2300 1704 2350 coram.
1743 2269 1982 2363 locabimus,
2001 2275 2080 2348 Deo
2095 2277 2260 2364 iuvante,

1256 2377 1440 2445 vobiscum
1463 2377 1530 2446 erit
1545 2377 1603 2448 die
1625 2378 1777 2472 septimo
1791 2376 1993 2457 Februarii.
2041 2377 2144 2450 Bene
2162 2379 2259 2450 vale.

1256 2473 1323 2546 Die
1341 2478 1402 2550 28.
1419 2475 1588 2549 Ianuarii.

1254 2863 1444 2940 Nosne.

1259 2963 1432 2994 Μ

1518 3057 1669 3146 louein
1701 3057 1984 3147 cameraria.

1320 3217 1408 3290 Epist.
1419 3216 1453 3272 ad
1468 3217 1605 3274 cantuar.
1619 3235 1647 3290 p.
1657 3217 1708 3273 668
1721 3235 1762 3291 sq.
1778 3217 1836 3287 (ed.
1848 3217 1939 3276 Lond.
1951 3217 2001 3275 lib.
2015 3215 2064 3276 lV.
2078 3235 2123 3290 ep.
2137 3220 2225 3280 807³.

1252 3385 1478 3466 Clarissimo
1502 3390 1579 3462 viro
1603 3387 1806 3466 eruditione
1831 3401 1862 3464 et
1888 3390 2017 3465 vittate
2036 3393 2244 3492 praestanti

1253 3495 1281 3568 I
1286 3489 1499 3568 oachimo
1517 3484 1795 3568 Camerario
1812 3491 1941 3596 fratri
1955 3521 2024 3568 sao
2041 3497 2251 3582 carissimo,

1254 3634 1302 3723 S.
1327 3645 1372 3720 D.
1422 3643 1571 3718 Utinam
1587 3657 1622 3716 et
1640 3645 1826 3716 universae
1841 3645 2111 3736 gubernationis
2132 3659 2171 3720 et
2191 3649 2255 3718 in-

1253 3749 1444 3844 spectionis
1458 3745 1698 3819 Ecclesiarum
1714 3749 1863 3818 consilia
1885 3763 1969 3822 sunt
1985 3749 2122 3837 felicia,
2158 3775 2257 3845 quae

1254 3855 1334 3948 quis
1349 3865 1409 3922 aut
1422 3853 1612 3942 gubernet,
1627 3863 1687 3920 aut
1702 3851 1794 3920 serio
1815 3863 1930 3936 curet,
1956 3852 2118 3922 nondum
2134 3853 2257 3924 ratio-

1255 3955 1368 4026 cinari
1388 3978 1543 4046 possum.
1602 3947 1797 4024 Excrucias
1826 3953 1962 4043 ingenti
1985 3953 2128 4040 dolore,
2164 3979 2257 4027 cum

1253 4061 1369 4129 sontes
1385 4057 1568 4126 doctrinae
1588 4054 1737 4146 negligi,
1757 4055 1982 4146 disciplinam
2000 4056 2130 4139 deleri,
2157 4081 2258 4130 con·

1255 4159 1387 4230 firmari
1409 4155 1658 4229 Centaurieam
1681 4157 1872 4228 audaciam
1895 4158 2012 4246 video.
2069 4153 2117 4230 Et
2144 4184 2254 4234 nune

1255 4261 1412 4333 fortassis
1429 4259 1571 4330 oracula
1587 4271 1753 4352 petentur
1765 4260 1809 4328 ab
1820 4253 2048 4357 Empusa¹),
2072 4273 2254 4358 tanquam

1255 4363 1441 4460 aSibylla.
1493 4359 1630 4432 Invitus
1652 4361 1856 4454 proficiscor
1875 4363 1920 4431 ad
1939 4363 2073 4448 aulam,
2098 4377 2134 4434 et
2156 4365 2256 4436 scire

1257 4468 1362 4560 cupio
1382 4490 1428 4535 an
1455 4479 1492 4535 tu
1517 4487 1658 4560 quoque
1674 4463 1861 4534 accersitus
1877 4464 1935 4534 sis.
1986 4461 2163 4536 Fortassis
2184 4491 2256 4537 vc-

1252 4585 1325 4641 ster
1338 4568 1464 4638 Pastor
1480 4567 1702 4636 excusatione
1717 4566 1932 4636 valetudinis
1944 4579 2079 4640 utetur.
2127 4563 2184 4640 Ea
2202 4572 2253 4641 de

1254 4698 1291 4742 re
1307 4667 1398 4740 mihi
1415 4669 1557 4741 scribas.

1352 4772 1406 4844 De
1430 4770 1514 4839 vino
1536 4767 1684 4860 gratiam
1709 4782 1743 4839 et
1764 4769 1874 4839 debeo
1895 4783 1930 4840 et
1950 4763 2065 4842 habeo
2085 4765 2252 4845 Stibara

1251 4891 1285 4947 et
1308 4874 1386 4948 tibi.
1445 4871 1514 4942 Sed
1546 4871 1702 4962 prolecto
1734 4895 1809 4940 non
1839 4871 1994 4944 libenter
2014 4897 2098 4942 eum
2120 4889 2250 4948 sumtu

1250 5001 1372 5056 onero,
1396 4973 1599 5066 praesertim
1616 4996 1695 5043 cum
1713 4973 1821 5044 sciam
1836 4997 1877 5043 eo
1894 4973 2057 5066 pluribus
2072 4999 2156 5047 eum
2171 4979 2249 5048 lar·

1248 5080 1336 5170 giri,
1361 5077 1443 5171 quia
1460 5087 1588 5146 natura
1604 5075 1761 5146 liberalis
1776 5087 1810 5145 et
1824 5073 1980 5147 benefica
1996 5089 2059 5148 est.

1249 5246 1464 5262 m

1279 5322 1309 5391 ⁸¹)
1328 5321 1532 5393 propositiones
1543 5323 1578 5380 tle
1593 5323 1698 5394 origine
1716 5333 1743 5380 el
1762 5321 1850 5382 unsis
1866 5321 1973 5382 succini
1985 5319 2123 5382 Prusslaei
2142 5325 2242 5400 dispu-

1312 5401 1408 5446 tataea
1424 5392 1561 5459 Peucero,
1578 5411 1602 5446 a.
1618 5393 1694 5448 1555.

1166 5515 1169 5520 .
1279 5479 1309 5550 1)
1327 5475 1489 5533 artano.
1505 5477 1542 5549 (r)
1562 5476 1595 5534 ο.
1609 5473 1669 5532 vv.
