4808 6176
135 283 210 358 845

136 475 291 550 mnaso,
316 467 361 525 ut
375 453 566 544 significes,
590 475 637 536 an
654 453 877 526 existimetur
887 453 964 522 lore
979 445 1134 550 ἀγαθὸν

138 554 162 652 ἢ
177 561 305 652 πῆμα,
332 567 374 628 ut
396 557 524 627 veteris
538 555 673 626 oraculi
688 556 807 626 verbis
824 571 925 639 utar,
956 555 1054 646 quud
1067 551 1134 624 etsi

135 673 240 734 autea
262 681 320 728 me
347 659 385 728 in
409 660 562 752 quadam
588 659 736 750 epistola
761 659 829 728 tibi
852 658 1016 728 recitasse
1033 663 1133 746 plato,

136 778 259 834 tamen
276 755 387 831 ethic
401 761 613 830 adscribam.
654 759 788 832 Extant
803 762 843 828 in
858 753 1024 830 Achaicis
1038 757 1133 827 Pau-

134 865 256 936 saniae
280 885 362 956 pag.
379 863 462 938 166.
485 857 524 930 1ιί
541 887 663 933 versus
682 861 843 956 Sibyllae
859 866 903 933 de
921 859 1133 931 Macedoni-

137 969 187 1037 cis
201 965 363 1055 regibus:
497 1007 499 1010 -

222 1095 390 1181 adyuirsec
410 1099 574 1176 βασιλεῦσι
595 1092 785 1179 Μακηδὸνις
804 1087 1017 1180 Ἀργεάδῃσιν,

220 1178 299 1264 ὑμῖν
320 1181 488 1266 κοιρανέων
509 1179 634 1268 ἀγαθὸν
655 1184 706 1244 ναι
728 1188 817 1263 πῆμα
841 1182 1005 1255 Φίλιππος.

220 1263 294 1349 ἥισι
322 1263 339 1332 ὃ
361 1267 420 1346 μὲν
442 1263 591 1350 πρότερος
611 1263 736 1332 πόλεσιν
757 1269 863 1332 λαοῖσί
881 1265 908 1330 τ’
932 1265 1070 1340 ἄνακτας

221 1347 332 1436 θήσει·
360 1347 376 1418 d
400 1350 433 1416 d‘
458 1347 627 1438 ὁπλότερος
647 1353 740 1435 τιμὴν
761 1351 823 1418 eiad
847 1357 952 1416 πᾶσαν
974 1350 1103 1430 ὀλέσσει,

220 1437 357 1522 δμηθεὶς
378 1433 562 1524 ἑσπερίοισιν
582 1433 634 1502 ὕπ’
657 1437 808 1524 ἀνδράσιν
829 1429 925 1526 ἠῴοις
945 1461 978 1502 τι
991 1439 1038 1522 Ἇ).

136 1562 334 1634 Pausanias
346 1561 599 1653 interpretatur
612 1574 830 1654 postremum
845 1585 985 1632 versum
994 1559 1132 1654 Hespe-

135 1690 195 1738 ros
210 1662 417 1744 Romanus,
450 1659 547 1758 Eous
561 1660 735 1738 Attalum.
786 1662 841 1736 Ac
862 1665 1020 1755 prolecto
1045 1659 1131 1734 hnic

136 1767 326 1862 posteriori
344 1760 513 1858 Philippo
534 1790 609 1835 nun
625 1766 765 1856 ignavia
781 1769 842 1837 sed
859 1767 1048 1837 crudelitas
1064 1769 1131 1838 do-

137 1871 281 1942 mestica
303 1868 451 1940 exitium
474 1868 605 1940 attulit.
669 1865 783 1940 Attali
805 1869 874 1938 fuit
901 1869 1072 1960 sapientia
1096 1882 1131 1940 et

138 1972 336 2044 moderatio
366 1995 441 2050 nun
465 1970 639 2060 vulgaris,
681 1995 787 2064 quem
807 1971 928 2041 iudico
949 1969 1128 2041 Henetum

143 2075 269 2160 inisse,
299 2074 383 2167 quia
405 2071 559 2167 Mysiam
583 2073 708 2146 tenuit.
762 2071 860 2162 Quid
885 2067 971 2142 haec
994 2074 1032 2142 in
1054 2074 1130 2164 epi-

148 2175 256 2260 stola,
279 2175 440 2270 inquies?
475 2173 618 2258 Scribo,
644 2199 684 2245 ac
704 2175 733 2246 si
759 2199 877 2246 coram
896 2187 1010 2246 tecum
1024 2177 1129 2246 sabu-

145 2276 243 2346 larer
263 2275 306 2346 de
322 2277 539 2372 antiquitate.
588 2274 679 2347 Nam
694 2279 851 2369 profecto
867 2301 942 2348 nun
959 2277 1037 2348 sine
1052 2302 1128 2348 ma-

138 2402 214 2469 gno
237 2372 356 2450 dolore
376 2382 422 2451 de
437 2378 676 2472 praesentium
692 2394 891 2472 temporum
908 2380 1130 2452 confusioni-

136 2483 204 2552 bus
229 2482 363 2572 uagitu,
396 2483 441 2552 de
457 2506 608 2576 quarum
625 2483 738 2552 causis
751 2509 826 2554 non
843 2497 958 2575 potest
975 2484 1130 2554 breviter

136 2583 243 2653 scribi
265 2596 328 2654 aut
349 2583 433 2656 dici.
485 2581 541 2653 Te
563 2609 648 2666 oro,
674 2599 716 2656 ut
731 2609 834 2679 saepe
850 2588 968 2656 adme
984 2586 1128 2659 scribas.

136 2684 245 2758 Mitto
273 2686 343 2758 tibi
361 2677 533 2754 Loticlti
561 2688 736 2773 carmina,
778 2690 867 2759 boui
889 2688 960 2756 viri
983 2699 1017 2758 et
1040 2687 1129 2758 boni

134 2795 271 2880 potitae.
337 2785 495 2860 Salutem
529 2802 615 2880 opto
648 2786 693 2862 D.
723 2786 929 2862 Valentino
960 2805 995 2860 et
1028 2791 1129 2861 vobis

133 2891 315 2966 omuibus.
366 2885 465 2962 Bene
483 2891 570 2962 vale.
621 2887 690 2961 Die
706 2888 746 2964 5.
763 2892 944 2985 Septemb.

875 3007 1078 3102 Philippus.

131 3383 201 3456 Nu.
217 3379 333 3456 5665.

138 3477 315 3508 w„
955 3386 1120 3508 arec

490 3565 553 3652 D.
586 3566 784 3656 Stibaru.

203 3743 292 3818 Epist.
304 3744 351 3800 lib.
362 3743 407 3800 vt.
422 3763 448 3815 p.
461 3745 542 3818 lbeq.
560 3771 597 3787 -
617 3745 711 3803 ilices
724 3745 892 3819 autographo
905 3747 934 3802 in
943 3747 1006 3804 cod.
1019 3747 1128 3808 Moml.

237 3833 287 3874 uu.
298 3813 359 3874 sta
376 3815 456 3890 epist.
467 3814 494 3874 6.

131 3969 364 4046 Clarissimo
387 3971 482 4062 viru,
521 3971 716 4046 nobilitate
739 3973 901 4072 generis,
941 3973 1128 4073 sapientia

129 4089 163 4148 et
189 4075 322 4146 virtute
338 4077 568 4176 praestanti,
600 4073 770 4148 Domino
794 4073 1004 4148 Danieli
1027 4073 1059 4147 S
1067 4081 1129 4148 ti-

195 4177 314 4250 haro
340 4188 401 4256 eta.
424 4189 585 4280 patrono
604 4204 672 4252 suo
688 4189 884 4251 reverenter
901 4173 1063 4254 calendo.

137 4319 189 4406 S.
211 4327 257 4402 D.
310 4325 565 4404 Adulescentes
581 4328 773 4404 Francicus
795 4345 836 4404 ut
854 4333 958 4403 initio
974 4333 1128 4404 libenter

139 4433 333 4524 exciperem
348 4428 525 4527 bospitio,
550 4458 593 4504 eu
609 4451 726 4508 motus
738 4459 838 4520 sucu,
863 4435 945 4528 quia
962 4435 1029 4506 tibi
1046 4457 1128 4524 gra-

131 4536 326 4610 titudinem
335 4559 400 4628 pru
416 4537 487 4608 tuis
502 4537 681 4608 beneficiis
695 4537 859 4630 plurimis
874 4537 996 4611 debeo.
1022 4535 1126 4606 Post-

129 4665 171 4712 ea
203 4651 247 4710 nt
276 4641 495 4710 consuetudo
527 4663 651 4709 eorum
680 4635 772 4709 mibi
802 4653 837 4711 et
860 4641 949 4708 meis
970 4639 1125 4710 iucunda

131 4753 244 4822 esset.
276 4741 498 4830 perfecerunt
526 4741 594 4832 ipsi
615 4763 677 4812 sua
698 4741 870 4816 modestia
893 4757 927 4813 et
943 4741 1125 4813 suavitate.

128 4843 208 4918 Nec
231 4843 397 4914 defutura
419 4856 520 4914 eraut
539 4843 591 4912 eis
607 4843 772 4936 deinceps
789 4869 932 4938 qnoque
948 4867 1025 4912 mea
1045 4845 1124 4912 olli-

126 4948 198 5020 cia.
248 4942 355 5016 Nunc
376 4959 564 5040 postquam
586 4957 799 5025 avocantur,
827 4971 891 5016 uro
907 4945 1041 5016 Filium
1054 4942 1123 5016 Dei

124 5063 171 5122 ut
195 5069 259 5118 eus
278 5060 457 5139 protegat,
490 5061 525 5118 et
547 5048 653 5120 talem
674 5048 865 5119 constituat
880 5045 1034 5140 R'eipub.
1047 5048 1122 5116 lur-

121 5175 225 5222 mam
251 5149 291 5220 in
318 5173 388 5243 qua
410 5164 445 5222 et
465 5151 626 5243 ipsorum
649 5150 761 5220 virtus
778 5150 894 5220 luceat
910 5165 946 5220 et
960 5151 1064 5220 labor
1076 5149 1121 5220 sit

525 265 526 269 ‘
639 390 641 396 Α
707 272 1146 354 σιιειοιιιισιι
1200 273 1636 360 mantissa.

2106 275 2182 352 616

1186 453 1349 540 adficior,
1382 477 1464 524 cum
1487 455 1574 525 tales
1595 454 1835 524 adolescentes
1850 451 1895 522 ad
1913 450 2081 522 ιίιιιιιιιιι
2095 449 2178 520 ido-

1186 579 1272 626 neus
1294 557 1437 627 intueor
1453 571 1488 629 et
1505 557 1612 627 simul
1630 557 1764 646 cogito,
1791 577 1897 650 quam
1915 552 2059 623 difficile
2076 551 2123 622 sit
2136 552 2178 622 in

1186 653 1252 726 hac
1286 659 1537 729 dilaceratione
1562 657 1719 750 Reipub.
1753 671 1888 728 certum
1913 656 2007 726 vitae
2032 677 2176 726 emaum

1185 761 1380 835 instituere.
1431 759 1502 832 Sed
1526 787 1590 832 uro
1605 759 1741 847 Deum,
1766 775 1806 832 ut
1822 759 2007 830 universae
2025 753 2177 828 Germa-

1186 863 1265 932 niae
1292 864 1393 954 pium
1423 888 1634 934 consensum
1656 862 1900 936 Ecclesiamm
1925 873 1961 932 et
1982 859 2176 954 tranquilla

1185 966 1335 1058 imperia
1350 967 1520 1040 restituat.

1286 1081 1339 1154 Dc
1355 1084 1440 1154 vinu
1457 1086 1553 1178 quod
1570 1079 1660 1152 mihi
1676 1085 1825 1170 misisti,
1850 1082 2104 1173 gratitudinem
2120 1105 2177 1151 me

1185 1186 1251 1258 tibi
1280 1187 1408 1257 debere
1434 1187 1602 1278 profiteor
1630 1201 1665 1258 et
1687 1189 1835 1278 gratiam
1859 1185 1928 1256 tibi
1952 1178 2078 1257 habeo.
2138 1181 2178 1255 Si

1186 1314 1254 1382 qua
1278 1291 1318 1358 in
1343 1313 1381 1358 re
1397 1289 1502 1359 etiam
1521 1289 1628 1358 alicui
1645 1303 1705 1362 tua
1721 1312 1822 1360 eausa
1837 1287 2027 1378 gratificari
2041 1298 2178 1379 potero,

1184 1391 1311 1461 faciam
1333 1393 1369 1461 id
1393 1415 1532 1462 summo
1548 1392 1677 1462 studio.
1729 1391 1987 1474 Proficiscitur,
2012 1413 2093 1459 cum
2108 1380 2178 1456 Pa-

1185 1502 1242 1562 tro
1255 1487 1448 1580 Lotiehio,
1474 1489 1627 1586 Hagius
1642 1508 1747 1566 natus
1762 1495 1801 1562 in
1815 1495 1904 1564 urbe
1919 1491 2178 1579 Wirceburg0‚

1185 1621 1291 1690 quem
1307 1609 1348 1667 ut
1361 1609 1507 1690 propter
1522 1596 1674 1688 patriam
1690 1611 1725 1667 et
1741 1609 1884 1689 propter
1899 1594 2010 1688 ipsius
2029 1593 2178 1682 integri·

1184 1712 1291 1768 tatum
1316 1699 1562 1790 complectaris
1587 1723 1662 1770 oro.
1719 1697 1817 1769 Bene
1841 1713 1875 1770 et
1895 1695 2069 1768 foeliciter
2087 1695 2176 1767 vale.

1184 1800 1297 1872 Nonis
1317 1801 1549 1894 Septembris.

1546 1905 1551 1913 ’
1634 1903 1661 1986 †
1677 1899 1867 1996 Philippus
1884 1895 2127 1972 Melanthun.''

1191 2145 2174 2182 mmm-...md

1192 2313 1261 2388 No.
1274 2311 1386 2389 5664.

2017 2323 2050 2385 6.
2067 2312 2152 2398 Sept.

1184 2411 1394 2446 Μ
2005 2405 2176 2433 m

1448 2516 1598 2603 Ioacb.
1633 2515 1911 2605 Camerariu.

1252 2680 1336 2754 Epist.
1354 2681 1388 2735 ad
1407 2681 1517 2738 Cemer.
1538 2700 1566 2752 p.
1579 2680 1639 2736 691.
1668 2681 1720 2746 (ed.
1737 2679 1830 2734 Lond.
1850 2677 1897 2735 lib.
1911 2673 1960 2735 lv.
1977 2691 2023 2745 ep.
2036 2673 2123 2746 836).
2143 2701 2177 2718 -

1286 2753 1352 2804 Νοιι
1370 2771 1443 2806 anuo
1460 2751 1535 2806 1555.
1549 2751 1597 2804 sed
1612 2769 1637 2803 a.
1649 2749 1727 2805 1551.
1737 2750 1837 2818 scripta
1850 2759 1899 2804 ιιι.

1182 2897 1408 2980 Clarissimo
1433 2908 1511 2978 airu
1535 2902 1739 2978 eruditione
1760 2915 1792 2976 et
1818 2905 1946 2976 virtute
1966 2901 2178 3003 praestanti

1182 3007 1210 3080 I
1218 3003 1430 3082 oachimo
1456 3003 1730 3083 Cameraria
1748 3005 1956 3108 fratrissa
1970 3002 2175 3082 carissimo,

1183 3149 1231 3238 S.
1257 3161 1303 3233 D.
1353 3157 1605 3232 Adulescentes
1619 3157 1809 3230 Francicus
1819 3151 1870 3252 *),
1892 3172 1933 3230 ut
1949 3181 2013 3249 ego
2029 3157 2175 3250 quidem

1182 3263 1287 3336 initio
1304 3263 1456 3334 libenter
1477 3265 1673 3356 exciperem
1691 3259 1865 3354 hospitio,
1891 3285 1932 3332 eo
1946 3273 2065 3331 motus
2084 3281 2175 3340 suns,

1183 3368 1266 3463 quia
1304 3367 1558 3456 gratitudinem
1585 3361 1755 3434 Danielo
1780 3361 1934 3434 Stibaru
1958 3387 2024 3455 pro
2050 3360 2176 3431 multis

1183 3471 1295 3563 ipsius
1311 3471 1490 3540 beneficiis
1508 3471 1632 3543 debeo.
1683 3467 1808 3538 Postea
1824 3480 1865 3538 ut
1879 3465 2098 3537 consuetudo
2114 3486 2176 3532 cu-

1183 3599 1262 3644 rum
1287 3567 1378 3642 mihi
1400 3586 1434 3643 ct
1452 3573 1711 3643 meisiucunda
1725 3584 1833 3651 esset,
1864 3569 2089 3662 perfecerunt
2104 3564 2176 3656 ipsi

1182 3700 1246 3748 sua
1269 3675 1442 3746 modestia
1464 3689 1499 3745 et
1521 3675 1704 3746 suavitate.
1754 3671 1828 3743 Nec
1845 3674 2009 3742 defutura
2025 3677 2127 3740 erant
2142 3667 2176 3736 ei

1183 3779 1349 3870 deinceps
1384 3801 1526 3871 quoque
1557 3801 1636 3846 mea
1662 3775 1789 3845 officia.
1854 3772 1960 3845 Nunc
1986 3783 2174 3865 postquam

1183 3894 1394 3960 avocantur,
1427 3903 1491 3949 oro
1515 3879 1627 3948 filium
1643 3877 1710 3948 Dei
1732 3889 1773 3946 ut
1794 3899 1853 3946 eos
1874 3889 2053 3967 protegat,
2079 3886 2114 3942 et
2133 3885 2175 3942 ut

1182 3983 1287 4054 talem
1311 3981 1472 4052 restituat
1486 3979 1643 4074 Reipnb.
1668 3979 1839 4063 formam,
1872 3979 1911 4046 in
1933 4001 2002 4072 qna
2027 3987 2062 4046 et
2076 3975 2173 4067 ipso·

1182 4109 1261 4155 rum
1282 4077 1400 4154 luccat
1426 4083 1558 4166 virtus,
1598 4095 1632 4150 et
1655 4081 1758 4150 labor
1778 4081 1825 4151 sit
1847 4079 2011 4150 salutaris
2032 4076 2119 4169 ipsis
2139 4087 2173 4144 et

1181 4187 1272 4259 aliis.
1324 4179 1486 4254 Proiecto
1510 4183 1647 4274 ingenti
1669 4183 1792 4252 dolore
1810 4183 1961 4266 afficior,
1990 4202 2070 4250 cum
2086 4175 2172 4247 tales

1181 4289 1419 4358 adulescentes
1438 4288 1483 4356 ad
1506 4289 1675 4357 virtutem
1700 4285 1849 4355 idoneos
1871 4285 2033 4364 intueor,
2061 4303 2102 4348 ac
2122 4278 2171 4347 si-

1180 4390 1256 4461 mul
1268 4390 1383 4480 cogito
1398 4388 1667 4460 dilacerationes
1681 4383 1857 4458 Ecclesiae
1873 4399 1907 4456 et
1924 4381 2170 4476 Imperiosum,

1180 4492 1219 4562 in
1242 4493 1373 4586 quibus
1396 4506 1531 4566 certum
1555 4491 1648 4562 vitae
1672 4513 1813 4560 cursum
1831 4487 1889 4558 vix
1908 4487 2093 4580 quisquam
2111 4482 2170 4552 in·

1178 4596 1324 4666 stituere
1346 4609 1471 4688 potest.
1533 4593 1604 4666 Sed
1627 4617 1690 4664 uro
1714 4588 1852 4674 Deum,
1888 4601 1929 4658 ut
1955 4583 2169 4658 Germaniae

1179 4697 1303 4769 reddat
1319 4699 1418 4792 pium
1428 4693 1665 4768 Ecclesiarum
1680 4714 1904 4774 consensum,
1929 4704 1964 4761 et
1976 4687 2169 4782 tranquilla

1178 4801 1335 4893 imperia.
1394 4797 1559 4870 Caeterac
1592 4811 1711 4886 gentes
1745 4792 1966 4864 dimicabunt
1997 4793 2042 4862 de
2068 4791 2169 4860 inani

1177 4903 1305 4974 umbra
1335 4899 1498 4992 Imperii,
1532 4923 1612 4968 curn
1643 4897 1826 4990 aliquantu
1856 4907 1937 4986 post
1963 4893 2026 4966 illa
2050 4916 2168 4986 rupes,

1176 5007 1220 5076 de
1244 5008 1313 5101 qua
1336 5001 1467 5074 Daniel
1492 5001 1669 5096 loquitur,
1704 5019 1867 5068 eversura
1890 4997 1945 5070 sit.
1960 5011 2070 5070 tutam
2095 5009 2166 5066 sta-

1174 5121 1291 5196 tuam,
1325 5130 1415 5200 quae
1438 5105 1477 5174 in
1498 5103 1637 5174 somnio
1662 5113 1800 5172 ostensa
1823 5113 1876 5170 est
1897 5097 1990 5193 Regi
2008 5097 2165 5192 Babylo-

120 5253 293 5326 salutaris
317 5251 405 5344 ipsis
429 5265 468 5324 ιι
490 5253 582 5324 aliis.
642 5251 806 5323 Profecto
832 5252 970 5342 ingenti
995 5253 1120 5322 dolore
1172 5263 1391 5284 ···“““··’““““

154 5505 185 5574 2)
204 5501 323 5559 Peucen·
341 5497 456 5558 Asbaie.
473 5499 573 5572 cepi.
590 5499 690 5572 pili.
708 5499 751 5558 ed.
768 5499 865 5556 anan.
986 5513 992 5524 ·

1205 5349 1237 5418 ΙΙΙ>
1254 5348 1297 5402 De
1315 5345 1349 5400 iis
1363 5345 1419 5402 vid.
1432 5345 1515 5429 ep.·d.
1530 5347 1553 5402 5.
1568 5343 1663 5469 διριιι.
1675 5355 1702 5398 ιι
1716 5345 1744 5399 d.
1758 5345 1800 5399 10.
1812 5343 1887 5417 Sept.
1903 5345 1977 5428 1551.
2003 5341 2066 5396 Nan
2080 5341 2164 5426 igitup

1236 5433 1323 5544 :21⁹²
1334 5415 1414 5540 11555554
1428 5423 1528 5488 scripta
1549 5424 1587 5469 est
1626 5433 1674 5472 eee
1690 5416 1822 5488 epistole,
1848 5423 1879 5469 ιιι
1892 5431 1983 5473 ιιιιιιιι
1998 5421 2038 5468 ιιι
2054 5411 2164 5480 editori,
