4670 6168
239 271 309 350 ldl

240 447 387 517 bustum
418 444 585 532 versaris,
628 458 662 516 et
690 444 837 537 opinor,
872 469 988 516 meum
1018 458 1139 538 pectus
1161 443 1227 514 tibi

241 561 366 618 uotum
386 559 421 618 et
434 547 687 638 introspectum
703 569 786 616 esse.
837 545 919 618 ldeo
933 548 1048 616 scribo
1063 547 1228 618 breviter.

342 648 494 720 Senatus
509 646 813 738 Norimbergcnsis
836 649 933 740 cupit
953 649 1016 718 tibi
1040 647 1230 740 inspectio-

244 775 327 821 nem
345 771 488 822 suarum
504 745 742 819 Ecclesiarum
762 751 1026 834 commendare,
1052 749 1176 842 quain
1193 771 1231 816 re

244 853 343 922 vides
363 865 521 923 amanter
540 865 574 921 et
594 843 787 920 honorifice
809 857 853 922 de
876 866 910 922 te
931 852 1061 922 sentire
1078 842 1232 919 Inachi-

245 976 364 1038 mum,
405 951 469 1046 qui
493 951 547 1022 tui
572 951 787 1022 mentionem
807 953 889 1023 lecit
904 945 951 1046 *).
1018 951 1123 1022 Nunc
1145 951 1233 1044 quid

245 1055 334 1126 velis
357 1055 472 1124 facere
494 1051 724 1138 deliberabis,
757 1067 791 1124 et
808 1056 889 1124 volo
907 1055 973 1125 tibi
989 1047 1081 1123 hanc
1099 1053 1232 1122 delibe-

246 1157 420 1227 rationem
461 1153 679 1224 liberrimam
712 1177 797 1228 csse.
868 1153 1085 1247 Quanquam
1117 1171 1233 1224 autem

246 1255 451 1328 uuncbella
467 1255 601 1326 suntin
619 1249 685 1326 hac
701 1269 799 1346 parte
816 1253 1050 1342 Germaniae,
1073 1279 1163 1350 quae
1180 1255 1235 1324 vi-

248 1359 328 1430 cina
342 1369 394 1428 est
409 1355 643 1444 Noribergae,
670 1371 704 1428 et
721 1357 794 1448 ipsa
810 1355 1004 1448 Noriberga
1022 1357 1060 1426 in
1077 1357 1234 1449 periculo

249 1473 319 1542 est,
352 1459 442 1528 sicut
465 1479 530 1527 nos
553 1481 712 1550 quoque:
748 1471 865 1530 tameo
888 1483 1010 1552 spero,
1035 1456 1150 1530 Deum
1174 1453 1237 1526 has

249 1559 425 1634 Ecclesiae
449 1569 671 1628 servaturum
690 1581 783 1646 esse,
815 1575 849 1632 ct
871 1575 904 1632 te
926 1585 1010 1645 oro,
1036 1574 1076 1630 ut
1090 1557 1238 1630 Senatui

249 1675 311 1734 aut
326 1651 521 1730 Iaacisimo
545 1661 769 1750 respondeas.
819 1658 915 1732 Bene
939 1675 972 1732 et
989 1661 1138 1731 feliciter
1150 1661 1238 1730 vale.

247 1757 317 1840 Die
332 1761 444 1832 natali
459 1759 609 1850 virginis
625 1762 764 1846 matris,
796 1787 902 1856 quam
922 1763 1044 1834 scribit
1060 1757 1239 1854 Nicepho-

250 1886 311 1936 cus
329 1862 456 1934 vixisse
472 1884 585 1932 anuos
600 1885 729 1934 novem
748 1877 782 1934 et
799 1865 1066 1960 quinquaginta.

991 1963 1190 2058 Philippus.

352 2093 461 2168 Mitto
478 2095 545 2168 tibi
560 2091 744 2168 Matthesii
760 2097 988 2184 concionem,
1013 2115 1047 2170 et
1061 2111 1095 2170 tc

354 2221 436 2284 oro,
461 2211 503 2270 ut
517 2198 687 2270 rescribm
701 2199 816 2272 nobis.

1090 2413 1233 2425 .-.-.-.·-

262 2549 329 2622 No.
346 2547 459 2626 6467.

260 2644 475 2686 Ἣ...
1067 2555 1237 2678 ee...

543 2731 595 2820 G.
623 2731 952 2823 Buablcataero.

325 2889 423 2948 msa
440 2889 540 2966 ms...
557 2909 585 2964 ρ.
600 2891 659 2948 soe

252 3043 464 3122 Reverendo
485 3047 581 3130 vira,
607 3043 809 3120 eruditione
831 3059 864 3120 et
880 3050 1008 3126 virtute
1025 3057 1246 3152 praestanti,

252 3147 307 3226 D.
334 3145 540 3248 Georgia
565 3144 924 3240 Baehisoiteero,
954 3157 1103 3254 pastori
1117 3155 1245 3229 Eccle-

253 3251 332 3324 siae
357 3245 437 3322 Dei
468 3251 508 3322 in
544 3247 630 3322 urbe
655 3247 810 3340 Arctoa,
841 3253 970 3352 sratri
991 3283 1059 3330 saa
1085 3257 1245 3342 colendo,

587 3345 793 3452 Philippus
815 3348 915 3427 Mel.

257 3489 307 3576 S.
330 3499 376 3575 D.
425 3497 634 3572 Reverende
648 3500 722 3586 vir,
750 3515 785 3574 et
801 3497 1005 3576 charissime
1017 3508 1141 3578 trater:
1173 3510 1245 3580 scio

257 3599 327 3674 boc
356 3613 514 3692 tempore
542 3600 714 3694 inclytum
742 3603 939 3696 principem
963 3603 1183 3696 Electorem,
1212 3625 1247 3680 et

258 3702 352 3773 curis
373 3715 407 3772 et
427 3701 582 3791 negociis
601 3702 763 3772 maximis
785 3721 996 3798 occupatum
1012 3732 1101 3780 esse:
1134 3725 1169 3782 et
1182 3737 1246 3782 oro

258 3803 373 3872 filium
391 3799 458 3872 Dei
480 3803 661 3874 custodem
676 3799 870 3890 Ecclesiae,
901 3823 941 3880 ut
965 3811 1140 3898 gubernet
1161 3837 1244 3882 con-

259 3903 339 3972 silia
357 3901 567 3994 principum.
614 3901 684 3974 Sed
701 3917 910 3978 tamencum
928 3909 1080 3982 voluerit
1095 3913 1247 4008 inclytus

260 4003 422 4087 Elector,
442 4027 497 4072 me
513 4004 776 4094 responsionem
791 4009 834 4077 de
849 4004 1030 4081 Staneari
1041 4028 1246 4085 coutrover-

259 4105 311 4178 sia
329 4105 476 4188 mittere,
503 4105 590 4173 scire
606 4105 710 4195 cupio
728 4131 772 4176 au
790 4111 961 4202 acceperit
977 4107 1018 4208 ¹).
1068 4115 1109 4186 Si
1123 4115 1247 4206 legisti,

260 4207 360 4278 vides
381 4204 510 4276 multas
531 4225 673 4294 magnas
696 4229 752 4274 res
772 4209 809 4278 in
830 4213 1033 4304 quaestione
1055 4215 1116 4288 illa
1132 4219 1246 4288 conti·

260 4307 357 4378 neri:
382 4319 486 4399 teque
508 4329 589 4388 ora,
615 4317 655 4375 ut
670 4306 841 4395 significes
854 4307 963 4396 milri,
989 4338 1035 4384 an
1050 4313 1245 4390 exhibitum

262 4408 307 4478 sit
324 4409 494 4500 scriptum
512 4429 629 4474 rorum
644 4401 886 4482 lllustrissimo
902 4409 1078 4500 Electori,
1100 4433 1134 4488 et
1150 4422 1245 4508 qrrod

263 4509 309 4578 sit
330 4523 429 4579 tuum
453 4507 637 4579 iudicium.
687 4503 756 4578 Hic
780 4513 983 4584 tabellarius
1004 4508 1246 4588 Rastochiuna

262 4607 482 4700 prolecturus
497 4619 559 4690 est,
583 4605 711 4676 missus
725 4633 745 4676 a
759 4625 881 4682 senatu
894 4611 1183 4707 Nocinbergensi
1207 4635 1247 4690 ut

263 4720 415 4778 accunt
428 4711 608 4780 doctorem
625 4703 803 4777 Ioannem
817 4711 1079 4812 Aurisabram.
1105 4716 1246 4806 Qnaeso

813 263 1243 348 EPISTOLARUM
1293 269 1505 350 LlB.llll.
1558 267 1687 350 1658.

2187 275 2248 350 152

1281 445 1320 512 in
1343 445 1460 514 reditu
1485 443 1572 513 iussi
1595 443 1716 514 literas
1740 465 1761 512 a
1782 455 1817 513 te
1840 442 2010 534 llagitare.
2074 441 2140 516 Die
2158 447 2252 516 natali

1283 545 1419 616 Mariae
1442 545 1591 634 virginis
1615 543 1758 628 matris,
1790 569 1898 636 qrram
1914 545 2037 617 scribit
2054 541 2255 638 Nicephoros

1283 647 1409 716 vixisse
1426 670 1539 716 annos
1559 669 1687 715 novem
1702 659 1737 716 et
1752 647 2022 741 quinquaginta.

1948 849 2253 866 *aa

1297 978 1364 1054 No.
1378 978 1493 1050 5468.

1292 1075 1504 1116 m

1615 1161 1679 1246 D.
1709 1157 1951 1276 Chytraeo.

1355 1327 1376 1390 †
1392 1321 1430 1376 Es
1444 1339 1540 1394 apogr.
1554 1317 1583 1374 in
1595 1319 1659 1376 eod.
1672 1317 1758 1374 Paris.
1774 1319 1813 1376 D.
1823 1317 1855 1376 L
1869 1320 1939 1378 Μ’.

2099 979 2255 1104 Q

1289 1469 1516 1552 Clarissimo
1536 1475 1632 1566 viro,
1658 1471 1860 1548 eruditione
1877 1485 1909 1548 ct
1928 1475 2058 1550 virtute
2070 1483 2267 1578 praestanti

1291 1579 1345 1662 D.
1371 1575 1560 1654 Davisii
1583 1571 1836 1675 Chytraea,
1868 1577 1908 1649 in
1923 1577 2064 1678 inclyta
2079 1577 2266 1654 Academia
2297 1624 2300 1770 p

1461 1663 1742 1768 Rostoclsiana,
1760 1679 1888 1782 fratri
1900 1707 1968 1754 sao
1986 1681 2116 1760 caras.

1292 1819 1340 1908 S·
1365 1831 1411 1908 D.
1462 1831 1671 1904 Doctissime
1689 1831 1747 1901 vir
1762 1843 1797 1902 et
1811 1829 1929 1904 caries
1942 1831 2062 1906 trater.
2103 1831 2201 1902 Misit
2217 1831 2270 1904 Sc-

1293 1949 1397 2006 natus
1410 1929 1733 2028 Norimbergensis
1747 1935 1790 2004 ad
1804 1929 1994 2004 Ductorem
2010 1929 2039 2004 Ι
2037 1957 2192 2004 oannem
2205 1937 2273 2004 Aa·
2301 1982 2302 2074 p

1295 2035 1480 2134 risabram
1514 2031 1611 2106 hunc
1647 2035 1838 2115 nuncium,
1873 2049 1908 2104 et
1941 2059 2023 2106 cum
2048 2037 2211 2122 accersit,
2241 2047 2274 2104 nt

1294 2141 1561 2210 commendetur
1582 2137 1616 2207 ei
1635 2137 1806 2228 inspectio
1820 2131 2061 2208 Ecclesiarum
2075 2160 2160 2210 suae
2174 2137 2273 2210 urbis.
2302 2162 2303 2216 l

1295 2237 1372 2310 Etsi
1394 2241 1481 2332 quid
1502 2240 1616 2310 lacere
1638 2238 1724 2308 velit
1739 2234 1766 2333 ¹)
1786 2236 1950 2332 relinquo
1971 2238 2084 2330 ipsius
2111 2239 2275 2312 delibera·

1296 2341 1405 2426 tioni‚
1446 2354 1564 2411 tamen
1593 2339 1623 2409 si
1647 2333 1729 2436 [in]
1753 2337 1946 2410 Academia
1975 2353 2093 2412 vestra
2116 2365 2187 2412 esse
2209 2363 2275 2410 aon

1298 2443 1409 2526 volet,
1443 2441 1553 2530 magis
1580 2441 1752 2534 optarim,
1792 2464 1872 2510 eum
1897 2463 1969 2512 esse
1990 2441 2031 2510 in
2054 2443 2115 2514 illa
2139 2439 2277 2512 honesta

1297 2545 1385 2613 urbe
1397 2541 1611 2632 Noriberga,
1642 2565 1732 2636 quae
1751 2555 1802 2612 est
1824 2541 2045 2612 domicilium
2062 2540 2234 2616 Ecclesiae
2247 2555 2278 2610 et

1297 2645 1447 2728 artium,
1478 2669 1568 2736 quae
1591 2657 1674 2712 sunt
1694 2643 1822 2730 dignae
1843 2643 1966 2734 laude,
2001 2669 2103 2736 quam
2126 2645 2163 2712 in
2188 2657 2278 2712 terra

1298 2743 1526 2840 hyperborea,
1551 2745 1687 2814 etiamsi
1704 2743 1881 2813 Pindarus
1893 2745 1954 2830 ait,
1979 2743 2028 2814 ibi
2041 2767 2103 2814 nec
2118 2743 2194 2812 lites
2211 2765 2275 2810 nec

1299 2849 1440 2916 morbos
1460 2869 1544 2916 esse.
1595 2845 1730 2936 Scripsi
1751 2847 1795 2914 ad
1820 2857 1856 2914 te
1879 2869 2015 2930 recens,
2045 2859 2080 2916 et
2096 2843 2175 2914 misi
2197 2841 2273 2933 epi-

1297 2949 1404 3018 stolas
1420 2941 1572 3016 Petelici
1583 2943 1634 3038 ²),
1661 2961 1696 3018 et
1717 2959 1794 3016 tuas
1812 2947 1929 3016 literas
1945 2947 2064 3038 flagito
2080 2959 2112 3016 et
2125 2957 2278 3037 expecto.

1298 3047 1378 3120 Tao
1402 3050 1564 3119 ministro
1586 3047 1820 3141 proficiscenti
1839 3049 1885 3116 ad
1908 3073 2025 3118 mcum
2047 3051 2190 3120 tratrem
2204 3045 2284 3116 lite-

1298 3176 1354 3221 ras
1367 3153 1461 3226 dedi.
1488 3148 1586 3220 Bene
1602 3151 1678 3220 vale
1696 3161 1729 3218 ct
1745 3147 1908 3222 rescribe.
1933 3145 2167 3241 Epithalarnii
2182 3171 2284 3238 argu·

1300 3267 1455 3323 mentum
1490 3253 1560 3322 iam
1586 3253 1669 3320 dedi
1704 3243 1999 3338 Wllebrochia,
2037 3267 2072 3323 et
2096 3276 2204 3345 spero
2231 3264 2284 3316 vas

1299 3355 1450 3422 libenter
1475 3355 1627 3423 lecturos
1649 3375 1733 3426 esse.
1791 3351 1928 3421 Vellem
1952 3365 1986 3423 te
2010 3349 2101 3422 mihi
2126 3353 2285 3430 scribere,

1298 3479 1369 3548 quo
1391 3456 1428 3524 in
1449 3454 1528 3524 loco
1552 3467 1656 3524 uatus
1670 3453 1727 3522 sis.
1777 3451 1868 3522 Nam
1884 3465 1918 3524 et
1934 3477 2048 3522 meam
2065 3455 2224 3546 patriam
2238 3453 2290 3522 iu-

1299 3570 1413 3626 tesere
1429 3555 1560 3646 cupio,
1594 3555 1694 3625 cuius
1713 3551 1782 3624 scis
1803 3577 1861 3622 me
1876 3555 1999 3626 laurles
2014 3557 2178 3630 libenter
2193 3577 2291 3650 prae-

1298 3657 1434 3736 dicare,
1462 3655 1598 3726 etiamsi
1622 3657 1797 3726 derideor.
1851 3654 1980 3728 ltcrtuu
2000 3657 2089 3732 vale.
2149 3659 2218 3730 Die
2233 3679 2295 3724 rra·

1298 3757 1361 3830 tali
1385 3755 1523 3828 Mariae
1543 3755 1699 3846 Virginis
1721 3755 1863 3841 matris,
1905 3781 2012 3852 quam
2035 3759 2171 3834 scribit
2194 3757 2299 3832 Nice-

1299 3855 1432 3954 phorus
1449 3859 1576 3930 vixisse
1589 3881 1703 3930 annos
1720 3857 1976 3954 quinquaginta
1994 3883 2146 3938 novem.

2036 3957 2256 4060 Philippus.

1308 4161 1449 4174 -n-o-

1299 4287 1365 4360 No.
1378 4285 1490 4360 6469.

1306 4383 1477 4416 Μ

2121 4301 2308 4426 Q

1601 4473 1696 4562 Iao.
1724 4469 1982 4588 Bardinga.

1367 4639 1387 4699 †
1405 4633 1442 4687 lis
1455 4651 1548 4706 apogr.
1562 4633 1591 4687 io
1608 4631 1671 4689 eod.
1685 4627 1773 4690 l’sris.
1786 4631 1823 4686 D.
1838 4629 1870 4690 la.
1884 4631 1950 4689 Μ’.

262 4821 304 4878 ut
329 4829 429 4876 cures
450 4809 581 4878 nuncio
603 4809 754 4880 indicari
773 4809 839 4882 iter
858 4814 903 4883 ad
921 4811 1177 4898 Rostochium‚
1201 4821 1247 4888 ab
1299 4787 1473 4864 1⁰⁶⁰b⁰
1497 4786 1537 4862 Β
1543 4814 1593 4862 ⁰7
1600 4785 1714 4882 dini
1720 4811 1742 4860 ⁰
1766 4783 1909 4860 ΜΨ.
1921 4791 2019 4864 Μ”δ
2030 4790 2266 4876 Midum
2283 4805 2308 4872 ὑ

263 4907 308 4978 iis
325 4905 388 5000 qui
411 4925 552 4980 norunt.
602 4907 710 4979 Mitto
729 4911 794 4980 tibi
810 4915 1015 4984 concionem
1031 4909 1247 4995 Matthesii.

1476 4889 1614 4986 inclyta
1628 4884 1828 4962 Academia
1841 4883 2122 4976 Rartoelsiana.

263 5005 463 5088 Benevalc,
489 5019 524 5076 ‘l
541 5011 690 5080 merli*
705 5005 1123 5104 Pefhfflfflb‘llltlssms
1141 5043 1245 5114 quem
1300 5027 1347 5115 S.
1370 5037 1415 5110 D.
1462 5035 1672 5109 Doctissime
1690 5037 1747 5108 vir
1762 5051 1797 5110 et
1813 5039 1990 5112 carissime
2006 5043 2134 5118 trater.
2205 5053 2308 5128 Veto

262 5156 482 5180 Μ

294 5251 312 5292 s
316 5243 672 5388 ‚lgxaerps·fflloetus
687 5249 774 5310 iuerat
788 5253 1007 5332 Norimbersssrn.
1044 5263 1105 5320 vta.
1118 5283 1162 5338 sp.
1175 5263 1204 5320 sl.
1218 5265 1246 5320 d.

291 5409 320 5464 n
338 5405 422 5462 ssim
434 5401 520 5458 suus
530 5399 598 5456 baec
610 5405 752 5477 respersis
766 5409 793 5465 d.
807 5413 833 5468 t.
844 5415 914 5488 bag.
927 5415 1007 5476 1553·

1300 5135 1388 5210 mibi
1411 5163 1489 5210 cum
1506 5133 1677 5210 Arnoido
1690 5133 1872 5226 Berenio,
1897 5141 1976 5214 viro
1998 5157 2223 5236 praestanti
2241 5185 2308 5230 ern

1334 5331 1364 5399 1)
1381 5329 1449 5384 vetit
1460 5327 1556 5402 scripsi
1569 5343 1621 5400 pro
1633 5327 1721 5383 wsb.

1329 5415 1359 5485 ί)
1376 5415 1409 5472 la
1421 5433 1464 5490 ep.
1476 5413 1503 5470 d.
1518 5415 1544 5470 5.
1558 5411 1652 5488 septb.
1664 5409 1816 5486 appelletur
1824 5411 1978 5478 Μ.
