4782 6182
237 331 312 410 82?
824 307 1260 392 EPlSTOLARUM
1308 313 1417 398 Len,
1435 315 1522 400 ΧΠ.
1576 315 1708 401 test.
2206 317 2291 397 ΜΒ

235 503 497 599 tegeslitterss,
513 517 611 592 oms
622 490 740 568 mitto.
787 485 844 562 De
863 488 1105 562 mediocribus
1116 485 1230 558 mira·
1284 492 1523 581 consideravi,
1546 519 1588 566 eo
1607 495 1717 588 magis
1733 519 1813 566 eum
1829 495 1956 582 dilexi,
1982 509 2016 566 et
2033 485 2187 584 diligam
2203 496 2288 564 nbi-

236 627 388 683 tnssnsn
398 617 475 674 tarn
492 621 649 670 severam
664 596 764 666 aulae
775 617 978 676 censuram,
1000 615 1090 686 quae
1107 590 1138 661 si
1157 613 1234 662 non
1286 617 1427 690 cunque
1444 597 1525 668 'erit
1580 596 1663 680 Scio
1686 623 1766 690 enm
1788 599 1894 683 salem
1911 619 2000 678 esse,
2027 597 2153 692 quales
2170 596 2211 668 in
2230 625 2289 666 ve-

237 714 373 786 eriboet
381 707 505 781 docum
521 699 777 783 uredincribns,
795 698 841 766 dc
855 721 914 768 me
930 696 1017 792 quid
1036 691 1121 766 bet?
1160 691 1234 763 Ve-
1285 699 1352 768 teri
1376 723 1479 768 versu
1501 701 1752 772 describuntur
1774 701 1842 770 vini
1857 689 1968 780 boni,
2000 695 2105 772 ἅπαν
2129 697 2178 770 τὸ
2200 725 2291 792 χρη-

233 812 499 892 mamedune,
524 801 601 876 Deo
618 803 779 888 iuvante,
803 821 885 876 cum
900 799 1084 872 vocabitis.
1133 795 1235 867 Bene
1288 795 1379 872 στὸν
1392 796 1463 893 τὴν
1478 802 1564 896 ἴσην
1578 799 1649 895 ἔχει
1665 797 1793 902 φύσιν.
1829 801 1927 881 Bene
1943 802 2032 875 vale.
2062 801 2180 878 1556.
2227 801 2291 872 Die

240 918 339 1003 vale,
362 907 499 988 these
513 907 612 999 Sept.
1287 927 1359 998 quo
1384 904 1582 976 celebratur
1604 907 1773 977 memoria
1791 893 2011 998 Augustini,
2063 904 2101 972 ui
2123 917 2292 974 mortuus

934 1000 1134 1098 Philippus.
1280 1005 1591 1079 estsnnoaetatis
1606 1009 1872 1084 salamanna
1890 1027 1908 1075 a
1925 1001 2036 1076 natali
2081 999 2291 1077 hristi430.

1289 1132 1369 1178 cum
1397 1109 1571 1178 decennio
1602 1123 1682 1182 ante
1712 1125 1876 1180 mortuns
1904 1121 1996 1180 esset
2019 1105 2291 1204 Hieronymus,

1288 1234 1384 1280 anno
1396 1235 1419 1279 a
1438 1209 1554 1280 Natali
1573 1207 1709 1283 Christi
1727 1213 1813 1286 420.
1831 1211 1960 1284 aetatis
1975 1226 2096 1282 autern
2123 1235 2214 1280 suae
2230 1237 2291 1282 no

237 1378 436 1513 Q
1061 1375 1233 1501 Q
1288 1314 2291 1512 1¹²

485 1579 586 1670 Seu.
614 1577 674 1664 ub
703 1574 981 1692 Albuspinu.
1029 1563 1036 1568 ’

310 1760 410 1821 suess.
422 1757 542 1831 susp.
556 1754 619 1817 sse.
655 1750 741 1823 epus.
754 1749 803 1808 us.
816 1750 837 1805 ι.
856 1767 884 1822 ρ.
899 1750 959 1806 sss
978 1749 1036 1820 (es
1049 1747 1140 1807 nous.
1153 1750 1237 1810 nst.

344 1829 472 1905 ee·⁵⁹·)·
1287 1813 1355 1889 No.
1374 1813 1487 1890 6057.

1296 1909 1470 1942 Μ

241 1980 454 2084 Magnifiso
471 1979 561 2069 viro,
586 1975 782 2052 nobilitate
798 1976 956 2074 generis,
981 1977 1180 2077 snpientia,
1205 1986 1238 2050 el
1610 2013 1676 2105 1⁰·
1700 2013 1966 2104 Mamm·

242 2092 373 2162 virtute
402 2082 629 2189 praestanti,
673 2077 963 2154 Sebastiano
996 2080 1053 2153 ob
1090 2077 1238 2151 Alea.

241 2219 260 2266 s
266 2192 317 2292 pi
323 2216 399 2279 no,
424 2181 585 2261 Oratori
598 2183 732 2282 inclyti
746 2177 868 2280 Regis
881 2179 1072 2256 Froneioe
1088 2184 1128 2255 in
1143 2179 1237 2255 aulo
1359 2189 1444 2267 Epio.
1457 2195 1504 2252 tiu.
1518 2195 1551 2252 u.
1565 2215 1594 2270 p.
1607 2196 1651 2252 87.
1670 2197 1725 2267 (ed.
1738 2195 1824 2254 med.
1838 2194 1884 2248 tiu.
1896 2191 1932 2246 u.
1947 2211 1990 2264 sp.
2001 2193 2072 2254 aa).

307 2291 551 2394 Imperatoris
563 2297 624 2367 etc.
638 2283 807 2360 Patrono
819 2312 888 2359 suo
903 2283 1054 2359 colendo
1068 2287 1106 2362 S.
1123 2285 1169 2364 D.

395 2446 405 2464 ,
481 2443 491 2461 .
811 2438 819 2454 .
949 2435 958 2451 .
1162 2435 1171 2452 .
1493 2367 1546 2441 D.
1575 2365 2079 2443 IohanniMoltisesio

243 2437 306 2526 Ne
329 2449 406 2518 fieri
428 2443 576 2540 quadem
597 2451 733 2534 potest,
759 2459 847 2531 quur
865 2437 1061 2530 medrocres
1076 2430 1238 2504 homines
1451 2507 1458 2525 ‚

243 2555 424 2626 intuentes
451 2558 586 2618 tanum
613 2542 752 2632 generis
783 2534 934 2608 humani
957 2535 1239 2627 dissipationem,
1289 2521 1338 2614 S.
1359 2533 1406 2610 D.
1456 2531 1667 2608 Reverende
1690 2538 1745 2607 vir
1767 2549 1800 2607 et
1822 2531 2026 2606 charissime
2051 2537 2190 2624 frater,
2221 2534 2280 2606 No-

243 2676 374 2743 magno
388 2653 429 2720 in
442 2649 565 2718 dolore
579 2644 663 2728 sint,
687 2643 751 2712 sed
766 2653 887 2712 tamen
902 2639 1037 2712 lenitur
1050 2636 1238 2723 moestitia,
1290 2655 1360 2711 stra
1376 2638 1553 2734 colloquia
1570 2639 1652 2708 volo
1670 2661 1744 2710 esse
1769 2663 1842 2710 non
1862 2639 1977 2710 solum
2001 2637 2174 2730 privatae
2187 2641 2278 2709 bene·

245 2779 324 2828 cum
341 2753 498 2846 aliquam
511 2745 707 2818 Ecclesiam
720 2741 788 2812 Dei
805 2755 840 2812 et
857 2765 946 2828 esse,
971 2753 1007 2812 et
1029 2740 1163 2812 servari
1179 2739 1237 2810 di·
1289 2741 1465 2814 velentiae
1489 2740 1704 2812 testimonia:
1752 2744 1811 2812 sed
1842 2743 1956 2814 multo
1986 2741 2103 2833 magis
2130 2743 2278 2834 publicae
2363 2817 2364 2822 ἵ

244 2857 380 2927 vinitus
394 2852 597 2945 cogitamus.
637 2847 679 2917 ln
696 2869 766 2940 qua
781 2867 920 2916 necesse
937 2856 1078 2914 estesse
1094 2845 1238 2928 multos,
1289 2843 1568 2916 coniunctionis:
1595 2857 1630 2914 et
1645 2843 1684 2912 in
1693 2840 1850 2914 Ecclesia
1866 2846 1964 2916 decet
1977 2868 2044 2914 nos
2057 2845 2276 2918 coniunctio-

245 2983 397 3056 quorum
417 2967 532 3026 rectae
557 2965 641 3022 sunt
665 2949 882 3032 voluntates,
917 2948 1031 3040 etqui
1052 2946 1236 3018 doctrina·
1289 2973 1372 3018 nem
1397 2947 1583 3016 ostendere
1609 2960 1756 3038 propter
1778 2947 1908 3016 multas
1929 2970 2052 3016 causas
2077 2942 2276 3018 honestissi-

245 3085 324 3132 rum
342 3059 458 3130 studia
474 3055 614 3136 colunt,
640 3065 674 3122 et
692 3051 978 3121 coniunctionem
996 3063 1128 3120 amant.
1164 3046 1238 3118 lta·
1288 3075 1374 3120 mas.
1427 3050 1548 3138 Quare
1561 3049 1763 3120 assiduitate
1779 3063 1837 3119 tua
1853 3049 1890 3117 in
1909 3049 2105 3120 scribendo
2125 3053 2274 3128 delector,

245 3187 315 3258 que
331 3163 434 3231 valde
451 3158 642 3229 delectatus
664 3177 741 3224 sum
759 3154 920 3222 oratione
937 3148 1098 3221 Huberti
1111 3150 1238 3233 nostri,
1290 3169 1324 3225 et
1339 3147 1444 3246 αὐτῷ
1462 3155 1516 3222 τῶ
1530 3147 1675 3246 μέτρω,
1703 3166 1744 3222 ut
1765 3151 1802 3218 in
1818 3141 1983 3221 Hesiodo
1999 3167 2071 3236 est,
2101 3155 2199 3224 tueri
2212 3151 2271 3221 osb

246 3289 350 3360 quem
375 3264 447 3332 scio
463 3281 535 3330 esse
558 3258 674 3326 virum
701 3258 928 3346 prudentem,
956 3254 1154 3339 eruditum,
1179 3253 1238 3320 in·
1290 3255 1384 3326 cium
1401 3255 1536 3337 studeo,
1555 3253 1619 3322 etsi
1635 3253 1791 3344 proiecto
1807 3255 1991 3324 laboribus
2006 3255 2164 3330 obruor.
2189 3253 2268 3324 Nunc

245 3382 396 3457 tegrnm,
421 3375 455 3432 et
468 3360 749 3432 considerantem
765 3381 990 3426 communem
1005 3355 1128 3435 vitam,
1155 3377 1236 3423 cnm
1290 3359 1421 3428 adsunt
1447 3381 1488 3425 ex
1508 3347 1690 3442 Polonio,
1723 3355 1784 3448 qui
1814 3355 1973 3446 flagitant
2002 3359 2170 3450 exempla
2187 3375 2260 3422 meae

245 3465 335 3539 mihi
359 3476 536 3548 narraret,
565 3475 599 3532 te
623 3461 801 3551 sapienter
827 3458 985 3527 iudicare
1007 3459 1051 3526 de
1071 3455 1238 3526 omnibus
1290 3457 1521 3529 confessionis
1536 3471 1570 3528 et
1585 3457 1663 3528 alia.
1696 3454 1823 3548 Cogito
1837 3458 1943 3528 etiam
1961 3451 2130 3552 Illyrico
2140 3477 2255 3548 respon·

247 3572 338 3640 vitae
363 3567 507 3646 officiis,
542 3577 575 3634 et
598 3563 780 3632 doctrinas
810 3559 1024 3649 intelligere,
1058 3575 1092 3628 et
1116 3581 1236 3628 earum
1291 3564 1393 3642 dere,
1420 3586 1499 3630 cunr
1524 3585 1599 3629 non
1622 3559 1729 3630 iaciat
1751 3561 1857 3630 finem
1874 3559 2126 3632 calumniandi
2143 3563 2266 3656 ipsud

246 3672 443 3742 cultoribus
461 3670 548 3738 bene
569 3665 668 3736 velle.
720 3661 806 3734 Fuit
819 3675 936 3730 alitem
952 3677 1154 3754 pergratum
1170 3662 1239 3728 mi·
1258 3688 1264 3794 p
1291 3669 1367 3734 aius
1394 3656 1633 3758 παραστάτης
1663 3661 1718 3730 vel
1748 3661 1952 3732 emissarius
1966 3655 2016 3758 s).
2078 3663 2196 3736 Mino
2223 3657 2275 3732 pp,

247 3771 306 3858 hi,
333 3773 427 3866 quod
454 3768 669 3859 singularem
692 3789 765 3834 esse
785 3778 881 3833 tuam
903 3787 983 3853 erga
1007 3789 1061 3832 me
1083 3765 1239 3832 benevo-
1291 3767 1444 3859 pagellas
1473 3787 1561 3858 quas
1591 3763 1663 3832 scio
1688 3763 1790 3834 vobis
1820 3765 1997 3836 dulciores
2029 3789 2108 3836 esse
2138 3765 2280 3838 lectione

244 3876 391 3946 lentiam
417 3869 728 3944 commemorabat.
784 3865 877 3941 Dedi
901 3867 1012 3955 igitur
1037 3861 1155 3936 isthuc
1181 3890 1239 3934 re·
1290 3864 1601 3963 sycophantiarum
1617 3857 1905 3941 Flauianarum.
1953 3865 2052 3955 Quid
2069 3866 2220 3939 dulcius
2235 3892 2284 3934 co-

244 3979 368 4052 deunti
388 3971 480 4057 hanc
494 3972 696 4065 epistolam,
720 3983 754 4042 et
770 3964 990 4040 utHuberto
1003 3968 1102 4039 testis
1116 3991 1238 4052 essem,
1289 3971 1394 4060 gitari
1419 3953 1715 4061 potest'Eusebii
1739 3969 1915 4040 sententia
1937 3993 2045 4061 quam
2074 3971 2191 4042 mitto
2206 3965 2285 4061 “)i

245 4084 364 4150 desua
378 4100 459 4167 erga
473 4075 713 4154 tevoluntale,
729 4069 1237 4160 elutostenderemsignifica-
1289 4073 1448 4144 Salutem
1480 4073 1582 4142 vobis
1612 4073 1781 4142 omnibus
1807 4085 1904 4162 opto.
1954 4067 2055 4142 Bene
2080 4074 2181 4150 vale.
2232 4071 2287 4142 [lie

245 4183 380 4254 tionem
398 4178 488 4270 grati
506 4198 586 4266 erga
604 4188 637 4243 te
654 4173 776 4242 animi.
795 4265 799 4274 .
827 4170 917 4241 Cum
938 4188 1055 4244 autem
1074 4173 1238 4257 sciamus,
1283 4175 1576 4267 ·quocclehrat11r
1598 4174 1767 4243 memoria
1783 4167 2007 4267 Augustini,
2034 4199 2147 4268 quem
2177 4177 2288 4244 iudico

245 4283 451 4377 praesertim
473 4279 511 4350 in
533 4272 600 4347 hac
612 4277 740 4347 ultima
761 4289 897 4346 senecta
917 4275 1061 4358 mundi,
1087 4275 1238 4344 maiores
1280 4277 1396 4346 *inisse
1424 4277 1548 4346 utilem
1574 4273 1784 4360 Ductorem,
1827 4274 2003 4368 quivixit
2031 4299 2152 4346 annos
2182 4277 2234 4348 76
2265 4289 2292 4342 el

246 4387 322 4456 iore
346 4399 379 4456 et
405 4383 661 4476 imperiorum,
684 4379 728 4447 'et
751 4371 1238 4445 Ecclesiarnm‘dilaceratio-
1289 4393 1451 4448 mortuus
1472 4391 1524 4448 est
1543 4403 1638 4447 anno
1656 4403 1675 4446 a
1694 4377 1803 4448 natali
1819 4374 2205 4453 cenomannense
2221 4373 2292 4450 Au-

247 4511 328 4568 nes,
365 4511 469 4581 quam
494 4481 628 4554 luerint
652 4493 771 4560 antea,
806 4481 983 4570 sapienter
1006 4471 1093 4546 haec
1117 4474 1238 4546 fatalia
1290 4495 1410 4570 gusto,
1443 4504 1523 4549 cum
1544 4473 1796 4574 Hieronymus
1820 4479 1993 4550 decennio
2016 4494 2101 4552 ante
2122 4499 2294 4552 mortnus

197 4631 201 4638 ·
246 4591 336 4658 mala
355 4591 528 4666 feramus,
554 4599 587 4654 el
604 4607 669 4654 suo
685 4583 762 4650 loco
782 4580 913 4669 singuli
939 4574 1095 4648 honestis
1110 4579 1237 4648 studiis
1287 4597 1379 4654 esset
1393 4605 1511 4654 mense
1528 4581 1679 4668 Martio,
1705 4602 1800 4650 anno
1819 4582 1942 4652 aetatis
1957 4602 2041 4652 suae
2056 4583 2294 4676 nonagesimo

246 4692 473 4781 opitulemur.
530 4685 608 4756 Hac
632 4709 669 4754 re
694 4685 778 4778 quid
812 4682 895 4752 lieri.
913 4680 1039 4750 melius
1063 4695 1177 4772 potest
1198 4681 1237 4748 in
1290 4685 1424 4777 primo,
1450 4681 1719 4754 Annoanatali
1738 4680 1873 4756 Christi
1891 4683 1978 4758 420.

247 4794 354 4862 tantis
377 4790 527 4860 miseriis
550 4783 742 4857 humanis?
780 4782 911 4854 Deme
933 4783 1100 4861 verotibi
1124 4797 1158 4852 et
1174 4785 1237 4851 de-

246 4896 331 4974 beo,
368 4908 401 4961 et
422 4887 534 4964 habeo
560 4890 728 4982 gratiam,
770 4889 864 4980 quod
893 4911 952 4956 me
973 4911 1115 4980 qnoque
1144 4885 1238 4954 inter

248 4997 432 5066 literarum
461 4993 614 5062 cultores
647 4989 898 5082 complecteris.
955 4985 1094 5058 Poteris
1119 4997 1236 5056 aulem
1324 4991 1484 5068 Mallus.

248 5097 425 5192 praeclare
448 5087 535 5161 mihi
554 5091 834 5162 benevolentiam
855 5105 951 5160 tuam
967 5091 1170 5174 ostendere,
1196 5080 1237 5172 si,
1322 5077 1372 5167 *h
1392 5097 1504 5168 Legum
1518 5093 1657 5176 tusiaco
1672 5093 1779 5150 donati
1798 5104 1860 5149 mn
1877 5094 2004 5152 vastem
2021 5091 2104 5150 tatius
2125 5094 2158 5150 tn
2174 5095 2297 5167 &tipus

248 5225 327 5271 cum
343 5195 545 5268 Huberlum
570 5193 774 5284 gravissimo
801 5191 932 5262 iudicio
955 5191 1159 5282 complexus
1180 5192 1237 5276 sis,
1357 5165 1434 5240 pult.
1453 5166 1486 5222 T.
1501 5165 1536 5222 ¹¹·
1555 5165 1596 5222 Μ
1611 5165 1700 5222 5²⁶⁵·

246 5325 323 5370 mea
340 5325 441 5369 causa
459 5300 564 5366 etiam
581 5295 690 5383 tnagis
706 5294 831 5384 diliges
846 5307 951 5385 atque
968 5293 1124 5362 ornabis.
1153 5291 1237 5362 Fuit

246 5426 360 5474 annos
384 5401 521 5494 aliquot
543 5396 717 5478 amicitia,
747 5409 782 5466 et
801 5395 934 5466 deinde
955 5393 1178 5464 familiaritas
1203 5395 1256 5462 ei'

246 5529 403 5589 mecum,
434 5512 473 5571 et'
484 5526 554 5594 quo
570 5498 705 5568 diutius
721 5497 966 5588 prudentiam,
982 5509 1028 5566 -et
1042 5496 1147 5566 fidem
1162 5496 1236 5566 eius

1293 4872 1523 4888 m*—

2352 360 2355 478 l
