4720 6170
206 277 254 354 η
786 257 1220 337 nersrotanun
1269 259 1485 339 mnata.
1538 259 1666 340 assa.
2203 269 2245 342 rs

207 469 300 528 sem,
332 459 367 517 et
388 441 522 516 Filium
546 434 712 510 Doctoris
739 425 927 530 Stephani
940 427 989 533 ²),
1030 433 1204 528 quiante
1254 425 1343 504 redii
1359 431 1631 526 Witebergom,
1657 433 1722 506 nbi
1742 434 1813 506 ism
1829 449 1964 508 cessant
1981 439 2159 530 contagia,
2185 447 2243 513 sed

207 573 320 621 annos
343 549 394 619 to
410 544 532 617 docuit
547 537 741 612 Ecclesiam
759 533 908 626 August.
961 535 1068 626 Quod
1088 551 1203 608 antem
1253 536 1337 630 quia
1353 536 1425 606 iam
1438 533 1530 608 liunt
1541 537 1729 621 inusitate,
1750 555 1865 624 antea,
1890 542 1995 634 quale
2009 565 2074 611 rer
2085 545 2244 618 turmam

207 654 246 723 in
262 649 465 723 Academiis
480 659 513 716 te
529 644 636 715 malle
651 641 772 712 vivere
786 639 967 730 intelligo,
991 660 1068 710 non
1083 662 1205 730 repre·
1254 639 1319 719 sit,
1342 638 1642 709 considerandum
1659 639 1738 710 erit.
1774 637 1891 710 Velim
1906 643 2046 738 itaque,
2073 667 2147 714 non
2165 661 2254 730 ant·

84 803 89 808 -
208 751 328 825 hendo
363 749 551 826 consilium
586 759 700 815 tuum.
768 737 978 833 Optandum
1015 753 1066 810 est
1099 741 1206 824 enim,
1255 739 1484 811 vermittisd
1503 741 1731 812 nosFilinm.
1783 741 1907 812 Postea
1922 745 1951 812 si
1970 747 2037 818 erit
2060 745 2245 820 salubris„

210 871 250 927 ut
281 854 415 926 sintin
441 847 642 924 Academiis
666 843 770 930 tales,
802 844 883 938 qui,
915 857 1088 938 quantum
1110 843 1206 914 Deus
1254 855 1395 934 etpost,
1420 865 1543 935 spero,
1569 839 1781 914 Academiae
1801 847 1918 916 studia
1944 845 2039 920 Filio
2063 851 2245 944 profutura

210 957 392 1042 concedit,
427 955 544 1024 sontes
584 947 765 1018 doctrinae
803 945 946 1030 norint,
986 957 1021 1015 ct
1053 947 1206 1018 refutare
1254 967 1340 1013 csse.
1376 939 1468 1014 Etsi
1486 947 1689 1032 volueritis,
1713 947 1867 1016 libenter
1882 971 1963 1018 eum
1978 949 2015 1020 in
2030 975 2126 1022 meas
2144 955 2244 1024 aedes

210 1083 349 1132 errores
366 1057 523 1150 possint,
556 1053 618 1148 qui
641 1047 793 1121 subinde
819 1061 1034 1140 sparguntur
1058 1071 1078 1120 a
1102 1070 1206 1118 mou-
1255 1045 1441 1138 recipiam,
1472 1061 1513 1116 nt
1544 1048 1707 1120 exercitia
1735 1049 1821 1142 styli
1841 1051 1934 1141 apud
1957 1076 2014 1122 me
2036 1047 2185 1139 habent,
2216 1071 2247 1128 et

212 1163 334 1235 strosis
359 1157 531 1249 ingeniis,
565 1168 624 1223 aut
648 1151 692 1220 ab
715 1149 858 1240 organis
880 1147 1037 1224 Diaboli.
1097 1147 1206 1216 Venit
1255 1150 1348 1238 apud
1374 1145 1588 1236 Magistrum
1609 1138 1821 1246 Carporum
1846 1153 1884 1222 in
1912 1145 2146 1246 Philosophia
2169 1181 2247 1230 aru.

213 1267 250 1334 in
292 1257 493 1334 Marchiam
533 1251 741 1326 Stnncarus
782 1249 910 1337 ltalus,
957 1253 1020 1346 qni
1062 1251 1207 1333 iactitat,
1255 1252 1384 1320 diatur.
1416 1239 1728 1346 Christophornm
1743 1249 1859 1324 adbuc
1872 1277 2017 1326 manere
2031 1259 2125 1348 apud
2146 1255 2247 1331 Doct.

197 1390 250 1435 ⁴se
270 1375 445 1436 trecentos
468 1381 603 1430 errores
627 1354 809 1443 collegisse
831 1377 872 1422 ex
893 1353 1023 1425 nostris
1040 1352 1208 1423 editioni·
1257 1343 1553 1438 Schneidewin,
1579 1356 1705 1439 credo,
1731 1355 1871 1425 ciutile
1888 1379 1973 1431 esse.
2024 1355 2077 1430 Ac
2095 1360 2196 1452 prius
2211 1363 2247 1432 in

213 1471 292 1542 bus.
329 1464 480 1536 Ebraice
496 1463 621 1531 doctus
637 1469 708 1541 est,
733 1450 781 1525 τὰ
797 1448 838 1527 δὲ
856 1453 948 1526 ἄλλα
964 1454 1049 1536 ὄνος
1063 1447 1207 1548 duasd—
1256 1453 1389 1526 iudicio
1414 1453 1582 1525 Gamerae
1609 1457 1736 1526 vellem
1759 1479 1841 1526 eum
1864 1459 1970 1528 alicui
1993 1463 2247 1548 commendari,

214 1566 290 1657 ζων
304 1559 501 1662 μυστήρια.
548 1558 744 1632 Contendit
760 1557 841 1642 iam,
868 1553 1050 1628 Christum
1070 1571 1206 1625 tantum
1257 1581 1364 1648 quam
1385 1556 1547 1628 mittatur
1569 1559 1607 1626 in
1632 1559 1837 1650 peregrinas
1857 1572 1979 1630 terras.
2029 1558 2108 1632 Oro
2131 1580 2245 1636 antem

214 1673 406 1742 secundum
439 1681 604 1736 naturam
636 1657 828 1730 humanam
859 1682 933 1729 esse
965 1659 1207 1729 mediatorem.
1256 1654 1392 1742 Deum,
1417 1671 1458 1728 ut
1483 1654 1538 1728 his
1553 1657 1775 1750 Regionibus
1790 1685 1912 1753 pacem
1929 1664 2078 1745 tribuat,
2104 1681 2141 1737 et
2157 1669 2247 1736 salu·

213 1772 322 1845 Mitto
354 1769 538 1862 epistolam
568 1767 611 1834 dc
635 1762 897 1835 intercessione.
965 1759 1063 1850 Quid
1087 1757 1207 1829 Bren-
1257 1758 1344 1828 toria
1366 1761 1550 1849 regimina.
1600 1759 1691 1832 Nom
1716 1787 1806 1855 qnae
1824 1765 1959 1832 semina
1976 1765 2048 1836 sint
2065 1765 2248 1854 bellorum,

213 1873 288 1944 tius
303 1875 347 1945 de
362 1867 521 1942 Balthica
538 1863 776 1937 controversia
791 1885 912 1932 recens
929 1865 972 1932 ad
990 1887 1046 1931 me
1059 1863 1208 1954 scripse.
1257 1861 1430 1936 videmus.
1480 1860 1550 1933 Sed
1566 1861 1663 1936 Deus
1684 1863 1777 1934 intes·
1803 1860 1868 1934 hos
1892 1865 2020 1936 fluctus
2036 1883 2156 1938 same„
2171 1893 2247 1942 guo,

156 1959 158 1964 ⁵
214 1977 282 2060 rit,
307 1993 495 2064 cognosces
515 1964 829 2057 exeiusepistola,
856 1965 1208 2034 cuiusvobisexem-
1258 1978 1377 2033 coetus
1400 1965 1565 2038 servabit.
1617 1965 1725 2037 Mitto
1746 1965 1821 2036 lilio
1845 1967 2009 2061 pagellas.
2067 1967 2168 2044 Bene
2189 1997 2248 2043 va·

215 2079 315 2170 plum
336 2069 496 2168 mitto’).
546 2069 685 2142 Recens
707 2067 845 2157 scripsit
869 2089 968 2137 meus
993 2066 1207 2136 tratervici-
1258 2065 1336 2134 lete.
1385 2063 1529 2157 Lipsiae
1544 2067 1656 2142 1553.
1708 2067 1832 2138 Mense
1850 2067 2025 2144 lanuario.

215 2179 313 2249 niam
336 2189 478 2246 nostrae
499 2173 631 2264 patriae
654 2169 883 2260 tranquillam
908 2191 991 2240 esse.
1043 2167 1112 2239 Sed
1131 2182 1208 2258 post
2003 2167 2203 2268 Philippus.

215 2281 307 2352 illud
332 2293 469 2369 tempus
484 2271 566 2346 Dux
590 2265 916 2362 Wnrlebergensis
932 2271 1117 2362 occuparit
1134 2265 1207 2338 El·
1992 2309 1994 2313 ,

218 2401 395 2476 trangon,
426 2391 460 2448 et
483 2377 550 2446 alin
573 2375 743 2468 quaedam
764 2373 894 2464 oppida
914 2369 1103 2442 Teutonici
1127 2369 1208 2440 Ma-

216 2485 336 2576 gistri,
369 2495 409 2552 ut
429 2479 627 2550 nominant.
679 2473 874 2544 Saronicus
899 2474 1069 2542 exercitus
1092 2467 1208 2544 adhuc
1273 2501 1339 2574 No·
1363 2499 1474 2580 5312·
1943 2516 1979 2598 (d
2008 2525 2029 2586 6
2060 2525 2105 2582 vet
2123 2525 2144 2587 7
2170 2517 2245 2604 Im)

216 2598 366 2675 vagatur
390 2583 429 2654 in
442 2578 632 2675 Lycaonia.
683 2567 847 2645 Carolus
863 2568 1058 2644 Metensem
1081 2577 1207 2644 urbem
1265 2599 1478 2638 sem
1934 2615 2240 2660 w

216 2687 374 2769 obsidet,
411 2683 474 2753 ubi
508 2693 589 2752 ante
619 2701 776 2747 mensem
809 2669 993 2746 Murchin
1024 2669 1209 2762 Alberlns,
1538 2743 1540 2746 ,
1581 2672 1639 2758 Ε,
1668 2671 1923 2789 δρῇηρρῇο,

217 2801 404 2880 postquam
426 2807 462 2852 sc
490 2807 569 2853 cum
592 2777 721 2850 Carolo
749 2781 998 2858 coniunxerat,
1038 2778 1208 2848 mediocri
1329 2829 1404 2885 Em
1433 2829 1470 2886 nb
1496 2828 1543 2886 m·
1603 2831 1654 2888 m
1681 2832 1726 2902 (ed
1753 2831 1831 2888 bona
1856 2835 1893 2890 m
1998 2841 2031 2896 Μ

217 2889 350 2982 praelio
376 2887 494 2978 copias
517 2881 673 2954 Gallicas
697 2881 909 2976 profligavit.
975 2879 1079 2950 Nunc
1109 2881 1209 2954 aiunt
1355 2851 1415 2901 μ’
1474 2869 1482 2885 ’
1562 2847 1589 2901 P'
1655 2870 1663 2888 '
1729 2870 1737 2888 '
1834 2873 1841 2890 '
1896 2846 1995 2910 '‘¹’'¹
2033 2843 2060 2911 ’¹'

216 3015 297 3062 eum
312 2989 501 3060 infeliciter
515 3007 699 3079 pugnasse.
740 2981 836 3053 llaec
852 2995 988 3052 tantum
1003 2983 1208 3058 sciebamus.
1528 2986 1570 3058 E
1579 2985 1628 3062 rh
1639 3017 1663 3061 a
1673 3015 1692 3060 r
1702 2985 1730 3061 d
1737 3015 1758 3062 ο
1784 2988 1816 3063 S
1821 3017 1844 3064 n
1855 3016 1870 3064 e
1875 3019 1901 3093 p
1907 2995 1957 3093 pi
1962 3023 1983 3068 o

216 3091 370 3188 Reliqua
393 3089 588 3160 Germania
616 3082 731 3156 adlruc
758 3087 901 3180 quidem
929 3086 1123 3178 tranquilla
1147 3097 1208 3155 est.

217 3192 313 3266 Deus
329 3217 394 3264 nos
408 3193 599 3282 gubernet,
623 3201 658 3260 et
675 3191 808 3272 doceat,
834 3201 869 3256 et
883 3187 1017 3256 tribuat
1031 3183 1209 3257 Ecclesiae

218 3311 253 3366 et
269 3293 374 3388 Reip.
388 3317 520 3383 pacem.
571 3287 670 3358 Bene
693 3289 771 3358 vale
796 3301 831 3357 et
851 3311 951 3378 saepe
974 3289 1020 3356 ad
1042 3311 1108 3357 nos
1124 3290 1209 3357 scri·
1566 3345 1574 3361 ,
1766 3373 1771 3384 1

218 3395 304 3466 bito.
363 3394 521 3465 Salutem
555 3403 639 3481 opto
673 3390 775 3459 vobis
808 3389 994 3470 omnibus,
1028 3386 1073 3458 D.
1095 3387 1211 3458 Auri-
1262 3347 1375 3416 ΝΜΟ
1402 3368 1532 3432 ³3⁰¹¹²’
1565 3369 1602 3412 ¹¹¹
1627 3369 1697 3436 ¹l¹¹o
1720 3361 1798 3415 ⁰¹⁴¹¹
1822 3363 2003 3418 ‘'telerssum
2029 3351 2188 3436 Patrem,
2213 3367 2251 3426 ut

211 3493 350 3594 fabro,
371 3487 569 3584 Bordingo
587 3485 717 3581 hospiti
735 3504 817 3572 tuo,
843 3483 1027 3574 Berenio,
1047 3485 1211 3560 Andreae
1264 3447 1385 3528 ἥρω’
1424 3458 1467 3514 ¹¹¹
1488 3466 1554 3514 ¹¹⁰⁸
1576 3469 1689 3514 ¹¹⁰¹¹¹¹¹
1711 3446 1749 3515 ¹¹¹
1777 3446 1853 3540 ¹9³⁰
1879 3451 1999 3532 timu&
2065 3452 2123 3526 Ad
2146 3452 2251 3527 huius

218 3593 411 3679 Marum,
440 3609 475 3665 et
499 3593 578 3662 ,qis
601 3592 732 3664 amicis·
786 3587 853 3660 Die
876 3589 911 3660 4·
924 3589 1082 3666 Ianuarii
1101 3589 1211 3668 ¹553·
1264 3547 1392 3618 summi
1408 3545 1607 3665 Sacerdotis
1624 3549 1737 3618 nostri
1754 3551 1999 3640 precationem,
2026 3555 2098 3626 scio
2114 3571 2149 3628 te
2166 3585 2252 3654 quo-

218 3699 327 3771 Mino
346 3697 447 3769 vobi,
465 3694 628 3786 pagellas·
1264 3661 1456 3744 quc‘rota,
1481 3664 1648 3736 gemrtns,
1673 3663 1707 3720 et
1729 3645 1927 3746 lachrymas
1950 3669 2027 3726 tuas
2044 3660 2254 3752 adiungere3

1263 3749 1313 3823 Et
1327 3773 1428 3844 spero
1444 3774 1653 3820 consensum
1669 3751 1706 3820 in
1723 3745 1780 3821 his
1792 3749 1977 3842 Ecclesiis,
2003 3759 2080 3852 ipso
2098 3762 2175 3834 lilio
2192 3763 2256 3836 Dei

1265 3855 1428 3938 iuvante,
1459 3877 1664 3923 mansurum
1687 3877 1770 3924 esse.
1829 3853 2113 3950 Responsionem
2139 3891 2256 3938 meam

1266 3959 1308 4026 de
1332 3951 1656 4025 communicatione
1675 3946 1910 4048 ἰδιωμάτων,
1939 3975 1972 4032 et
1986 3965 2030 4034 ds
2044 3959 2257 4039 Mediolon

931 4140 934 4152 Ι
1265 4060 1308 4130 ad
1324 4047 1584 4128 Marchionem
1600 4049 1657 4148 ¹¹),
1690 4058 1793 4127 vobis
1817 4059 1988 4134 missurus
2006 4089 2105 4152 sum,
2131 4094 2258 4164 quam·

902 4137 1015 4214 (iered
1042 4145 1074 4207 6.
1090 4129 1175 4215 lan.)

1267 4162 1421 4252 primum
1443 4173 1553 4230 totam
1575 4158 1802 4251 descripsero.
1852 4159 1900 4236 Et
1916 4167 1959 4234 de
1975 4169 2075 4255 volo,
2101 4185 2141 4240 ut
2158 4171 2259 4244 ludi.

492 4315 554 4402 M
594 4315 838 4403 Μόθων
886 4316 893 4334 ·
1265 4287 1339 4332 cem
1361 4261 1493 4350 legere3
1528 4259 1691 4353 praeterii
1712 4265 1904 4354 quaedam,
1930 4269 1974 4336 de
1991 4271 2121 4364 quibus
2138 4286 2257 4346 tecum

552 4375 562 4400 .
837 4341 930 4426 3²⁰·
1265 4377 1400 4434 etcum
1425 4360 1525 4448 aliis,
1556 4363 1704 4434 omuino
1723 4363 1795 4434 Deo
1819 4365 1961 4438 iuvante
1987 4373 2141 4468 colloqui
2164 4379 2259 4453 volo.

319 4475 403 4548 apsa.
421 4475 470 4530 tn.
485 4471 518 4532 v,
536 4493 562 4547 p.
577 4473 628 4529 696
641 4493 680 4546 sq.
1267 4463 1355 4534 Viro
1376 4465 1606 4553 integerrimo
1629 4461 1676 4542 D.
1691 4459 1849 4558 Sligsliu
1872 4471 2018 4558 gratiam
2041 4487 2074 4544 et
2091 4477 2208 4554 debeo
2225 4492 2260 4550 et

219 4627 272 4704 M
281 4627 362 4706 isla.
390 4629 741 4726 Μιίιηύιιηὶο,
776 4623 937 4702 Consnli
954 4624 1213 4706 Northnsano.
1265 4561 1397 4654 Μεθ’
1425 4565 1583 4659 qu⁰d³d
1602 4567 1836 4644 ⁰⁰³³c⁰⁶⁸⁸¹¹·
1883 4569 2086 4658 flemme·

219 4765 268 4850 S·
297 4775 341 4850 D.
400 4775 657 4851 Honestissima
685 4780 758 4866 vir,
797 4791 828 4848 et
858 4779 967 4848 amice
997 4773 1213 4850 charissime.

219 4875 298 4950 Oro
313 4877 446 4949 Filium
464 4879 551 4966 Dei,
579 4881 777 4952 Dominum
799 4895 960 4950 nostrum
981 4879 1091 4950 lesum
1106 4875 1214 4950 Chri·
1264 4899 1327 4972 No·
1342 4897 1455 4976 5315·

219 4994 333 5064 stum,
366 4983 570 5052 crtrcilixum
598 5009 663 5076 pro
688 4983 810 5068 nobis,
835 4997 868 5052 et
884 4983 1148 5065 resuscitatum,
1174 4993 1215 5051 ut
1269 4998 1437 5027 *⁰-

218 5083 343 5165 laciat,
368 5097 407 5152 ut
432 5077 491 5152 hic
514 5109 629 5153 :sarnus
652 5087 693 5154 sit
718 5087 853 5156 faustus
875 5085 1005 5154 etfelix
1020 5079 1213 5167 Ecclesiae,
1519 5071 1753 5158 Ioacltbtw
1782 5073 2000 5165 Electort'.

220 5197 253 5254 et
268 5183 370 5252 vobis
389 5197 421 5253 et
437 5185 561 5255 restris
577 5187 755 5258 omnibus.
799 5181 874 5276 Ego
890 5209 970 5254 cum
989 5209 1065 5256 mea
1080 5185 1213 5254 familia
1239 5239 1240 5244 η
1329 5225 1407 5282 Eg„
1430 5227 1457 5281 3„
1477 5227 1649 5290 quanans
1676 5225 1821 5295 desanaus
1841 5231 1940 5300 aaaron)

222 5311 445 5326 ''⁸‘'—
1362 5298 1469 5367 trntrn,
1494 5313 1520 5366 p.
1535 5297 1596 5352 375.

253 5361 282 5426 2)
302 5360 462 5432 Agricolae.
490 5379 511 5414 s.
530 5359 726 5414 Kratenbsuer.
1272 5391 1481 5404 -..-.-..

253 5443 280 5514 S)
301 5443 361 5500 l'id.
384 5464 464 5516 supra
485 5448 511 5498 d.
530 5445 555 5498 6.
578 5444 648 5501 Noa.
670 5443 745 5500 1552.
1292 5448 1319 5514 θ)
1342 5441 1403 5500 vid.
1423 5441 1449 5500 d.
1468 5442 1492 5499 Ξ.
1510 5441 1573 5500 oct.
1593 5443 1619 5495 b.
1635 5457 1659 5494 s.

737 5543 760 5572 a

1262 3129 1311 3220 S.
1337 3141 1397 3214 D.·
1432 3139 1538 3210 Nulla
1563 3142 1601 3210 in
1614 3137 1723 3213 Coelo
1746 3155 1781 3212 et
1803 3141 1841 3211 in
1865 3146 1968 3214 terris
1991 3149 2172 3222 ardentior
2183 3173 2246 3219 vor

1262 3245 1382 3316 audita
1405 3256 1475 3327 cst,
1508 3267 1615 3336 quam
1640 3244 1794 3335 precatio
1808 3241 1892 3316 Filii
1908 3244 1972 3316 Dei
1996 3249 2033 3318 in
2056 3251 2119 3322 illo
2139 3252 2248 3322 admi-

963 3789 1162 3888 Philippus.

1944 5234 2107 5307 anteponam
2131 5247 2183 5300 rot
2205 5246 2260 5304 Be
