4720 6170
98 297 139 373 es
526 349 533 354 .
647 219 1089 362 usrsrouauuu

99 469 180 542 riam
208 465 286 538 eius
303 461 469 550 minere,
499 461 759 535 saturationem
782 477 1085 551 componeremus,

99 570 350 659 adiungendam
362 567 446 637 aliis
458 566 593 649 multis,
612 578 654 635 ut
669 567 712 636 de
727 551 936 655 Crucigero,
960 575 994 631 et
1007 559 1086 628 aliis

101 673 323 770 quibusdam,
356 669 495 764 scripsi.
560 667 668 738 Mitto
697 665 763 738 tibi
794 664 967 756 pagellas,
1002 685 1084 730 nam

104 775 218 866 plures
236 797 326 842 nunc
349 796 425 841 non
443 767 616 840 habebam
630 769 674 840 ad
691 789 830 841 manus.
881 763 979 834 Beue
995 764 1085 837 vale.

106 873 169 950 Die
186 879 214 948 i.
230 873 413 946 Februarii
432 867 542 948 1555.

602 965 792 1064 Philippus
808 962 1035 1043 Melanthon.

101 1349 163 1424 u..
179 1347 298 1454 sset.

92 1451 307 1490 m
839 1445 843 1456 ’
905 1437 1077 1470 *0⁴⁹

406 1529 503 1638 ¹Io.
536 1529 732 1618 Petreio.

150 1701 173 1772 ἡ
191 1697 235 1754 Ex
251 1649 359 1770 aritogr.
374 1693 443 1751 stet.
456 1693 485 1750 io
498 1693 563 1750 eod.
575 1689 657 1749 Basil.
669 1689 755 1750 XXV.
775 1688 824 1748 tot.
839 1691 884 1746 ts.

91 1843 317 1924 Venerando
332 1841 429 1920 Viro
450 1839 653 1914 eruditione
674 1851 707 1914 et
725 1842 855 1914 virtute
875 1839 1087 1942 praestanti

89 1951 254 2025 Domino
277 1943 497 2022 Iohanni
520 1940 703 2016 Petreio
727 1943 918 2018 Ecclesiae
941 1941 1021 2014 Dei
1043 1941 1082 2013 in

307 2045 381 2126 W
378 2043 624 2150 iilondstlors
625 2105 636 2136 ,
659 2048 871 2118 amico-suo.
952 2083 957 2094 κ

107 2191 151 2278 S.
169 2201 214 2276 D.
256 2199 554 2273 Veneraudevir.
605 2195 753 2268 Mallem
769 2221 887 2268 coram
903 2197 947 2264 de
960 2193 1084 2266 multis

102 2309 196 2377 rebus
217 2317 332 2378 tecum
357 2301 470 2398 loqui.
519 2297 568 2370 Et
583 2295 796 2371 Reverendo
813 2299 890 2367 viro
906 2297 988 2370 Duo
1005 2291 1080 2366 Pct-

99 2405 185 2480 slori
193 2421 319 2478 nostro
335 2405 420 2477 item
438 2401 552 2472 visum
570 2415 638 2486 est,
666 2413 706 2472 ut
725 2413 759 2471 te
775 2424 932 2484 orarem,
957 2415 997 2470 ut
1012 2393 1083 2470 huc

99 2511 210 2582 venias
234 2523 278 2582 ut
301 2521 337 2578 te
360 2505 483 2578 audiat
502 2518 623 2574 nostra
643 2499 802 2573 Ecclesia
813 2494 862 2598 *).
911 2500 1081 2572 Nondum

98 2613 182 2682 enim
204 2609 366 2682 decrevit
389 2609 434 2676 de
456 2619 531 2678 toto
554 2604 713 2694 negocio.
764 2602 884 2692 Quare
900 2615 933 2670 te
957 2627 1020 2672 oro
1043 2616 1082 2674 ut

98 2709 159 2785 hue
177 2711 367 2806 expetieris
390 2721 469 2801 post
495 2710 583 2780 duas
615 2707 838 2796 septimanas.
895 2703 1083 2792 Desiderat

99 2817 280 2888 diaconum
297 2827 332 2882 et
347 2809 558 2882 Dresdensis
574 2805 743 2882 Ecclesia.
784 2807 839 2876 lbi
857 2805 885 2875 si
902 2830 975 2878 esse
991 2807 1081 2876 mal-

98 2919 157 3003 les,
181 2917 213 2988 ei
229 2931 265 2988 te
281 2909 460 2986 Ecclesiae
480 2911 776 2982 commendarem.
829 2907 897 2980 Sed
924 2933 1081 2978 commo-

99 3020 276 3090 dissimum
304 3029 395 3087 esset
421 3036 487 3084 nos
515 3036 635 3082 eoram
660 3008 827 3104 colloqui.
880 3011 1000 3098 Quare
1024 3009 1079 3078 vel

99 3121 161 3212 ipse
175 3118 358 3203 advenias,
378 3117 435 3186 vel
448 3115 622 3206 significes
635 3127 733 3185 tuam
745 3111 978 3187 voluntatem.
1011 3106 1081 3180 Its·

103 3221 141 3292 sti
154 3215 303 3307 Martii,
328 3218 433 3290 amici
451 3217 541 3302 mei,
566 3216 695 3286 coniux
721 3228 882 3284 matrona
903 3207 1094 3282 honestis.

98 3325 174 3396 sima
189 3347 309 3417 nuper
323 3346 366 3393 ex
386 3313 453 3390 bac
466 3317 609 3388 mortali
624 3316 696 3387 vita
718 3317 763 3386 ad
782 3315 945 3387 celestem
956 3310 1079 3385 Recte.

97 3427 173 3498 siam
196 3439 233 3498 et
255 3422 494 3495 immortalem
520 3432 663 3492 evocata
687 3430 750 3494 est.
808 3411 899 3488 Eius
924 3429 958 3487 tc
981 3419 1079 3488 luctu

95 3529 188 3600 adlici
203 3528 293 3602 scio.
343 3523 414 3598 Sed
431 3521 547 3593 Deum
563 3541 705 3592 oremus
720 3533 762 3590 ut
778 3519 939 3611 publicas
954 3532 993 3596 et
1004 3519 1080 3612 pri-

95 3645 182 3702 satas
195 3649 388 3701 aerumnas
401 3625 523 3698 leniat.
574 3621 684 3694 Mitto
699 3621 765 3692 tibi
789 3621 942 3712 pagellas
959 3645 1080 3692 reeens

96 3725 146 3804 bie
167 3751 327 3807 uersas.
377 3725 476 3800 Bene
490 3725 580 3801 vale.
629 3719 698 3794 Die
716 3724 774 3796 ts.
791 3721 897 3792 Febr.

593 3837 783 3935 Philippus
806 3835 1030 3913 Melanthos.

911 4187 969 4254 19.
989 4181 1076 4245 Febr.

900 4271 1073 4304 Μ

104 4177 291 4314 RQ.

318 4363 517 4483 Georpio
548 4359 629 4449 Pr.
658 4360 853 4450 Aoiolt.

167 4545 364 4678 sthqqaec⁵
390 4547 434 4684 qa
452 4563 479 4618 f.
491 4543 555 4600 sss.
580 4499 679 4614 'epac
693 4541 742 4600 ta.
755 4542 776 4600 t.
793 4561 823 4616 ρ.
839 4543 898 4600 tos.
916 4543 976 4616 (aa.
990 4539 1080 4598 cont.
1138 4599 1357 4612 ..........

289 4635 335 4690 ep.
381 4651 413 4672 ..

219 4733 287 4848 D.⁸
302 4767 510 4867 Georgia
535 4763 708 4870 Principi
725 4763 948 4858 Andaldino

97 4893 139 4980 S.
163 4907 208 4986 D.
259 4907 430 4982 Nondum
465 4903 603 4976 absolvi
635 4905 804 4994 scriptum
833 4907 877 4974 de
903 4901 1083 4974 Stancari

101 5011 350 5084 unusversirs
379 5007 471 5080 Nam
492 5005 686 5077 editionem
706 5005 865 5075 locorum
882 4997 1080 5077 Garatoni·

102 5165 309 5198 ..ιιι-ι-

126 5265 200 5338 ηε
266 5262 440 5322 sacten
455 5260 522 5348 tyto.
541 5259 656 5343 astque·
674 5255 709 5314 o.
728 5257 847 5316 astaus
866 5257 900 5314 ..t
918 5235 1078 5344 nelma.

155 5333 238 5462 iii.
251 5327 1077 5469 massata.futtilitatis..

152 5473 267 5532 bsh
278 5477 308 5530 et
317 5470 347 5526 its
359 5467 460 5530 disistit
471 5465 612 5540 seripturis
623 5465 811 5540 meritarum,
825 5483 857 5524 ss
867 5473 942 5522 rests
953 5463 1076 5522 sentien-

1140 273 1251 354 ΗΒ.
1276 274 1362 352 ΧΙΙ.
1415 276 1547 365 1558.
2079 285 2132 356 80

1136 471 1217 519 cons
1243 449 1427 520 absolvere
1449 451 1555 546 cupio
1577 465 1658 523 ante
1676 451 1875 526 Mercatnm
1893 447 2130 554 Francosor-

1136 545 1316 637 diensem,
1342 566 1377 622 et
1396 555 1495 624 ablui
1519 549 1575 623 his
1596 557 1721 627 diebus
1737 549 1906 654 Lipsiae.
1956 556 2010 628 De
2028 559 2128 628 ordi-

1135 655 1281 723 natione
1312 654 1558 726 ministrorum
1585 653 1774 748 Evangelii
1808 661 1958 730 scribam
1989 661 2128 753 aliquid

1136 756 1294 846 plenius,
1317 757 1435 825 statim
1453 773 1532 850 post
1549 759 1742 830 editionem
1766 761 1945 840 locorum,
1972 763 2051 834 Deo
2069 763 2128 832 iu-

1135 871 1250 928 vante.
1302 853 1466 926 Ahdtam
1481 857 1518 956 *)
1541 861 1674 932 adseret
1694 860 1739 936 D.
1757 863 1895 932 Doctor
1909 856 2128 950 Miletius,

1135 959 1199 1029 etsi
1215 959 1318 1030 video
1337 983 1411 1030 non
1427 983 1501 1035 esse
1516 975 1669 1032 veterem
1692 978 1726 1035 et
1742 965 1985 1056 incorruptam
2002 963 2125 1035 Histo-

1134 1059 1237 1133 riam.
1288 1058 1344 1131 De
1365 1063 1476 1132 causis
1496 1063 1651 1136 mirandi
1674 1066 1826 1136 foederis
1841 1068 1984 1136 divinae
2005 1083 2040 1138 et
2056 1063 2128 1136 hu-

1134 1185 1258 1254 manae
1272 1177 1420 1234 uatnrae
1435 1163 1473 1234 in
1484 1159 1625 1238 Christo
1641 1163 1733 1236 Filio
1747 1165 1815 1238 Dei
1830 1183 1914 1239 nato
1931 1165 2129 1257 exVirgine

1134 1264 1191 1356 pie
1214 1265 1442 1354 cogitandum
1467 1279 1537 1351 est,
1567 1281 1601 1338 et
1620 1271 1764 1361 prodest
1787 1283 1903 1340 estare
1922 1273 2126 1340 commoue-

1132 1366 1304 1436 factiones
1326 1379 1420 1437 recte
1441 1368 1598 1460 scriptas.
1649 1368 1734 1459 Le'gi
1752 1367 1923 1440 Anselmi
1943 1373 2126 1464 scriptum,

1133 1455 1213 1536 Car
1232 1462 1339 1537 Deus
1362 1461 1491 1539 homo:
1516 1473 1613 1564 quod
1631 1472 1697 1540 etsi
1717 1472 1859 1542 tenuius
1882 1487 1917 1544 et
1939 1474 2127 1544 obscurius
2158 1489 2164 1494 ·

1088 1551 1090 1572 ’
1133 1581 1203 1654 est,
1228 1582 1444 1641 tamennon
1464 1572 1509 1642 sit
1529 1574 1689 1662 ignotum
1714 1573 1892 1645 studiosis.
1943 1573 2038 1644 lllud
2061 1599 2126 1647 au·

1132 1683 1204 1740 tem
1226 1671 1266 1740 in
1289 1663 1515 1742 Germanico
1537 1673 1675 1766 pagella
1697 1671 1737 1749 C.
1759 1673 1805 1748 T.
1828 1676 1953 1746 durius
1981 1676 2126 1762 dieitur,

1133 1773 1231 1867 quod
1266 1774 1465 1864 oportuerit
1489 1775 1539 1845 sic
1565 1775 1693 1848 redimi
1728 1771 1908 1858 homines,
1949 1803 2015 1865 nos
2048 1801 2122 1848 non

1132 1874 1336 1968 quaerimus
1356 1877 1572 1948 necessitatis
1593 1901 1733 1964 causas,
1765 1880 1826 1948 sed
1851 1881 1948 1972 quod
1966 1881 2015 1949 ita
2036 1903 2124 1949 eon-

1133 1977 1277 2066 gruerit.
1314 1974 1398 2048 ldeo
1414 1979 1444 2046 si
1457 1979 1535 2050 vult
1550 1976 1590 2049 C.
1602 1978 1646 2048 T.
1661 1981 1718 2049 edi
1733 1981 1838 2049 talem
1854 1983 2010 2074 aliquam
2025 2005 2123 2051 corn·

1132 2077 1448 2164 monelactionem,
1474 2080 1625 2150 scribam
1649 2081 1865 2171 pleniorem,
1894 2096 1929 2153 et
1950 2085 2124 2177 quaedam

1131 2181 1239 2250 verba
1258 2179 1404 2250 duriora
1421 2181 1596 2256 omittam.
1633 2179 1687 2252 De
1700 2207 1808 2254 censu
1824 2207 1969 2275 prorsus
1985 2185 2036 2256 sic
2052 2199 2123 2256 sta·

1133 2295 1210 2352 tuo:
1242 2279 1398 2352 Ccnsunr
1421 2278 1514 2352 nihil
1536 2285 1579 2353 ad
1604 2284 1767 2372 gravidas
1785 2307 1851 2354 nec
1865 2289 1908 2356 ad
1932 2287 2067 2357 loetum
2084 2287 2124 2354 iu

1131 2395 1232 2454 utero
1248 2383 1447 2474 pertinere,
1472 2385 1556 2477 quia
1581 2399 1656 2456 erat
1678 2387 1892 2480 conscriptio
1910 2389 2068 2458 virorum
2089 2401 2125 2458 et

1130 2485 1358 2570 facultatum,
1383 2499 1425 2556 ut
1446 2486 1486 2554 in
1503 2484 1656 2577 lmperio
1677 2488 1846 2570 sciretur,
1871 2491 1968 2559 unde
1992 2489 2123 2558 milites

1131 2587 1223 2660 sumi
1247 2601 1409 2678 possent,
1424 2611 1429 2620 ’
1444 2601 1479 2660 et
1502 2589 1566 2658 ubi
1589 2589 1761 2660 exercitus
1775 2591 1824 2660 ali
1846 2605 1999 2684 possent.
2050 2589 2125 2660 Nec
2208 2657 2212 2668 ,
2328 2578 2332 2588 ’

1132 2703 1247 2759 textus
1270 2693 1321 2758 sic
1336 2691 1375 2758 in
1389 2681 1499 2760 Luca
1520 2689 1774 2781 intelligendus
1795 2704 1866 2778 est‘,
1890 2695 2024 2763 loetum
2039 2715 2125 2762 een·
2171 2703 2174 2714 ’

1131 2791 1218 2875 seri,
1241 2793 1302 2861 sed
1318 2791 1489 2882 particula
1508 2787 1580 2864 σὺν
1594 2787 1744 2888 μαριὰμ
1756 2797 1803 2886 τῇ
1817 2789 2124 2888 praeparaverim

1130 2893 1304 2962 referatur
1319 2894 1363 2962 ad
1385 2894 1533 2963 verbum
1550 2889 1686 2988 ἀνέβη,
1713 2919 1788 2964 non
1804 2898 1848 2966 ad
1866 2898 2013 2966 verbum
2030 2893 2125 2966 dsto-

1128 2985 1358 3092 γράφεσθαι.
1373 2989 1465 3072 ¹Hoc
1479 2987 1746 3081 narratLucas,
1761 2990 1792 3065 I
1789 2989 1899 3094 oscpls
1908 2997 2024 3066 virum
2039 3019 2122 3066 san-

1130 3108 1225 3165 ctum
1242 3107 1277 3165 ct
1290 3094 1459 3166 scientem
1481 3095 1553 3165 iarn
1569 3097 1757 3188 coniugem
1773 3119 1847 3166 esse
1865 3097 2048 3188 gravidam
2064 3097 2122 3166 di-

1131 3195 1282 3282 vinitus,
1309 3209 1344 3266 et
1355 3195 1551 3288 parituram
1565 3219 1639 3268 esse
1655 3191 1856 3279 Messium,
1879 3223 1954 3269 non
1967 3197 2123 3268 voluisse

1132 3299 1333 3392 relinquere
1350 3299 1461 3367 solam
1480 3299 1594 3380 dorni,
1624 3323 1703 3370 cum
1728 3299 1845 3392 ipsum
1868 3323 2009 3370 necesse
2032 3311 2123 3372 esset
2241 3361 2244 3366 .

1133 3400 1306 3492 proficisci
1326 3401 1370 3470 ad
1386 3401 1504 3470 locum
1526 3401 1583 3470 s'ui
1606 3425 1749 3486 census,
1774 3402 1857 3495 quia
1877 3402 1993 3474 voluit
2015 3410 2123 3494 puer:

1132 3527 1235 3594 perae
1267 3515 1444 3594 praestare
1474 3503 1589 3573 officia
1624 3503 1830 3575 necessaria.
1885 3500 1935 3574 Et
1967 3501 2122 3596 Spiritus

1131 3618 1273 3675 sanetus
1290 3604 1400 3674 movit
1416 3604 1491 3674 eius
1509 3619 1650 3696 pectus,
1677 3619 1822 3698 propter
1844 3604 2121 3697 praedictionem

1132 3706 1171 3777 iu
1187 3697 1346 3774 Misisti
1362 3705 1540 3796 scriptam.
1590 3705 1672 3777 Alia
1689 3707 1849 3800 quaestio
1870 3709 2045 3778 eruditior
2060 3721 2123 3792 est,

1132 3801 1192 3878 Ao
1209 3803 1406 3906 oportuerit
1414 3797 1559 3903 =Iosepis
1574 3799 1730 3904 pendere
1745 3805 1905 3906 quinque
1920 3805 2043 3878 Siclos
2053 3829 2124 3904 pro

1129 3907 1393 4006 primogenito,
1412 3901 1889 4008 tum'Nozaraeussaerit?
1912 3909 1983 3980 Sed
2002 3909 2122 3978 eristi-

1131 4036 1191 4080 mo
1205 4011 1366 4081 debuisse
1381 4001 1517 4106 Ioseph
1541 4014 1693 4100 pendere
1716 4011 1798 4080 illos
1812 4012 1971 4104 quinque
1989 4007 2139 4096 Sirion*

1131 4111 1248 4196 idest,
1272 4115 1362 4182 ‹ltros
1379 4105 1714 4183 Ioocltimicoscum
1731 4111 1895 4199 dimidio,
1921 4115 2002 4206 quia
2014 4109 2124 4184 Chri-

1131 4228 1205 4284 stus
1223 4237 1298 4281 uon
1323 4214 1391 4285 luit
1412 4207 1637 4286 Nazaraeos
1661 4214 1806 4304 politico
1828 4215 1892 4284 illo
1912 4239 2030 4296 more,
2056 4235 2121 4282 nec

1114 4315 1325 4386 ‘attributus
1343 4316 1494 4406 templo,
1519 4330 1558 4387 ut
1579 4310 1744 4393 Samuel.
1794 4313 1892 4386 Bene
1915 4331 1948 4385 et
1972 4313 2120 4384 feliciter
2134 4303 2151 4382 f

1000 4421 1005 4428 '
1131 4417 1246 4488 valeat
1261 4413 1302 4492 C.
1317 4415 1362 4488 T.
1377 4431 1411 4526 et
1427 4413 1468 4489 C.
1484 4415 1530 4488 T.
1544 4417 1651 4488 irater
1668 4415 1831 4491 illustris.
1848 4417 1906 4488 die
1927 4415 1984 4489 ts.
2002 4413 2106 4486 Febr.

1202 4722 1257 4770 tem
1278 4723 1305 4769 et
1324 4713 1415 4788 magni
1437 4715 1522 4770 enimi
1539 4715 1699 4780 bominem,
1716 4715 1831 4780 novistis
1847 4714 1870 4768 is
1887 4711 1995 4780 uam,
2016 4714 2046 4768 in
2061 4731 2119 4788 quo

1201 4802 1276 4839 nune
1286 4793 1341 4852 est,
1361 4783 1461 4838 nsutsri
1476 4785 1565 4855 cupit,
1583 4795 1609 4839 et
1622 4785 1700 4836 babet
1715 4801 1805 4836 rsosss
1821 4784 1964 4848 honestas,
1984 4784 2118 4838 valetudi-

1199 4871 1263 4907 nem
1278 4853 1380 4918 usoris,
1394 4871 1462 4924 quae
1475 4855 1578 4906 labores
1592 4863 1617 4904 et
1632 4871 1700 4922 opas
1716 4853 1846 4904 straticum
1858 4850 1930 4904 lerre
1944 4872 1998 4906 non
2014 4863 2117 4922 pots-ste

1201 4921 1277 4990 cupit
1291 4923 1371 4974 etism
1385 4922 1531 4975 studiosus
1544 4925 1640 4984 solere,
1658 4929 1684 4972 ct
1696 4919 1802 4988 liugom
1815 4935 1907 4974 sserse
1919 4939 2031 4992 operam
2046 4923 2118 4984 date,

1199 5007 1288 5060 neque
1300 4988 1392 5044 locum
1406 4989 1462 5042 suis
1474 4991 1554 5042 rebus
1567 4991 1697 5060 aptiorem
1713 4987 1874 5044 assentasse
1888 5007 1966 5059 posse
1984 4988 2117 5044 esistimst

1200 5069 1289 5112 vestra
1303 5056 1419 5129 upra!
1435 5091 1471 5104 -
1504 5055 1593 5110 Possit
1613 5055 1695 5123 igitur
1716 5057 1781 5110 baec
1792 5057 1905 5128 epistola
1916 5060 2017 5128 resipis
2031 5057 2117 5112 sideri

1199 5143 1273 5182 anuo
1290 5129 1363 5181 1548.
1385 5153 1418 5173 -
1452 5125 1505 5179 Sed
1522 5126 1555 5177 de
1572 5124 1679 5178 Petreio
1697 5125 1724 5178 in
1739 5129 1930 5180 eosssmodiore
1949 5125 2011 5181 loeo
2025 5127 2115 5182 eollo·

1199 5195 1289 5248 undo
1301 5193 1462 5250 Melanthea
1474 5211 1583 5264 quoque
1603 5191 1724 5263 loquitor
1745 5197 1772 5246 iss
1793 5213 1836 5265 ep.
1857 5196 1889 5247 sd
1904 5191 2068 5248 Graesersn
2086 5193 2117 5250 tl·

1199 5262 1243 5321 28.
1258 5263 1330 5319 Nos.
1347 5262 1439 5332 1559..
1455 5279 1538 5334 quare
1550 5261 1641 5316 usalisn
1655 5278 1715 5318 eam
1728 5264 1831 5346 nlerpe
1841 5263 1876 5320 sd
1888 5283 1954 5318 stru.
1969 5263 2047 5320 test.

1150 5345 1190 5434 'q
1210 5361 1272 5423 vsa.
1284 5363 1360 5436 epac
1373 5363 1399 5420 a
1414 5363 1459 5419 ra.
1471 5361 1576 5418 nes..
1588 5361 1668 5420 sesa.
