4808 6176
114 305 196 382 asc
700 297 1142 382 se1suonanuu.
1192 243 1410 382 uranu.
1464 253 1598 380 lass.
2101 307 2177 386 sss

120 475 319 552 interfecit.
368 471 481 546 Vides
501 485 620 556 autem
633 465 990 570 hicquoqueiudicii
1007 477 1124 550 divini
1177 472 1249 548 Sed
1279 475 1446 568 permitto
1475 501 1533 550 eas
1564 477 1699 550 iudicio
1722 480 1818 552 docti
1839 494 1873 552 et
1895 479 2082 574 pmdentis
2103 481 2173 554 viri
2276 487 2280 500 '

120 579 384 654 testimonium·
435 575 594 671 Uterque
615 573 740 650 babuit
760 576 942 675 Erinnyas
967 581 1122 656 ultrices.
1176 573 1323 650 Domini
1339 574 1504 674 Magari.
1555 579 1653 658 Beue
1670 597 1705 658 et
1716 583 1891 656 foeliciter
1906 585 1984 654 vale
1999 582 2171 678 Princeps

118 682 274 758 Clodius
297 680 471 752 aMiloue
494 679 701 752 interfectus
727 694 789 756 est.
841 677 1023 754 Antonius
1046 684 1121 754 acic
1173 680 1422 758 illustrissime.

116 787 258 870 rictus,
287 783 442 874 deiectus
461 805 505 852 ex
526 805 665 854 summo
690 782 830 874 lastigio
853 785 922 856 sibi
938 786 1006 877 ipsi
1020 811 1121 856 mor-
1270 777 1341 854 Die
1361 786 1472 858 uamli
1486 781 1654 862 Lutheri.
1777 813 1779 818 ’

120 903 195 962 tem
228 885 412 972 conscivit.
473 882 639 980 Denique
664 887 857 956 multarum
884 889 1117 958 maximarum
1221 935 1226 948 ·
1556 889 1820 962 illustrissimae
1833 885 2049 962 Celsitudini
2067 887 2167 964 Tuae

120 1013 244 1064 rerum
278 989 395 1078 imago
428 999 480 1057 est
512 981 599 1060 baec
633 1000 707 1060 tota
732 985 915 1060 Ciceronis
951 985 1116 1062 historia:
1763 991 1928 1062 addictus

120 1115 233 1190 quam
256 1112 466 1182 cognoscere
485 1111 627 1170 omnes.
659 1090 748 1162 utile
768 1103 820 1160 est
843 1105 876 1163 et
903 1093 1030 1164 studiis
1050 1095 1117 1163 do·
1640 1089 1830 1188 Philippus
1851 1090 2078 1166 Melanthum

119 1194 258 1268 urinae
273 1207 307 1264 et
321 1191 493 1264 moribus.
545 1189 643 1262 Bene
660 1192 755 1278 vale,
781 1189 935 1266 illustris
949 1192 1116 1270 Domine.

116 1295 202 1373 Dat.
219 1293 497 1384 Francofordiae
523 1295 567 1364 ad
586 1289 765 1379 oderam,
796 1290 905 1368 Auno
928 1321 949 1369 a
971 1293 1115 1370 Christo

117 1413 206 1474 nato
223 1393 420 1486 MDLllll.
435 1394 562 1468 Mense
574 1394 783 1472 Novembri.
1168 1460 1235 1537 No·
1251 1459 1366 1540 5595·

1171 1569 1386 1604 w

1944 1465 2032 1562 (eod.
2048 1447 2162 1566 temp.)

1939 1563 2155 1606 Μ

1578 1663 1762 1756 Eidem.

1205 1829 1208 1836 “
1235 1823 1427 1968 δεὲἓεΐέοεςῐιι
1444 1847 1472 1902 p.
1485 1827 1548 1889 895.
1576 1828 1660 1904 Epist.
1677 1829 1726 1886 lib.
1737 1829 1759 1884 l.
1777 1847 1806 1904 p.
1819 1827 1877 1888 iii·
1897 1829 1957 1902 (etl.
1972 1829 2060 1888 buti.
2073 1828 2121 1890 lib.
2136 1829 2158 1888 l.

127 1765 197 1842 No.
215 1761 329 1843 ⁵694.

123 1865 340 1900 Μ

203 1967 375 2056 Ioanni
399 1965 663 2076 Friderieo,
698 1969 825 2060 Daoi
850 1969 1032 2066 Pomer.

202 2130 282 2202 ¹58³
304 2129 472 2202 autographo
495 2129 647 2202 Maiensis,
678 2133 751 2204 quod
775 2133 858 2190 babet
878 2135 979 2192 illustr.
996 2137 1111 2208 Noster,

235 2199 296 2271 ttep
307 2199 417 2255 Boruss.
432 2219 447 2253 a
462 2199 606 2270 Consiliis,
623 2203 757 2275 descripta
769 2206 803 2260 ab
819 2205 954 2262 oeneus.

994 1763 1042 1860 (¹1·
1057 1764 1098 1862 ¹·)

982 1867 1113 1894 Μ

1165 2048 1363 2126 Institutio
1385 2051 1628 2128 Iohannis
1651 2051 1913 2143 Friderici,
1938 2053 2062 2130 Ducis
2076 2054 2159 2128 Ste-

1351 2155 1441 2248 tini,
1465 2153 1727 2248 Pomeraniae,
1752 2169 1815 2238 ele.
1866 2159 1904 2233 S.
1932 2161 1977 2237 D.

124 2351 390 2429 [llusgrgspmo
407 2349 578 2455 ffimfpl·
599 2365 630 2428 ιι
652 2355 823 2433 Domino
839 2313 1007 2434 1)οωίηό
1031 2360 1113 2436 Io·
1164 2299 1324 2428 Assidue
1344 2314 1534 2404 repetenda
1556 2325 1608 2383 est
1631 2311 1798 2402 cogitatio
1816 2313 1860 2382 de
1876 2311 2074 2404 praesentia
2090 2307 2159 2382 Dei

123 2453 282 2530 hanni
297 2454 339 2529 F
343 2457 385 2529 ri
391 2453 491 2529 deri
497 2483 543 2530 co
565 2457 671 2533 Daci
685 2457 940 2551 Pomeraniae‚
966 2463 1112 2552 Stetini,
1167 2435 1206 2532 Ψ
1226 2436 1355 2504 genere
1376 2410 1556 2500 humano'
1582 2429 1614 2486 εἰ
1632 2416 1676 2486 de
1692 2416 1826 2498 πῶς’
1852 2439 1916 2486 cur
1930 2411 2028 2484 Deus
2045 2414 2159 2505 impe·

119 2555 375 2635 Cassuborum
402 2570 441 2631 ut
467 2571 499 2631 el
533 2571 691 2634 vetustae
722 2567 845 2661 gentis
876 2567 1113 2656 Heneturum,

118 2659 291 2764 Prineipi
312 2661 540 2735 Heraiorum
567 2675 599 2736 et
625 2657 767 2739 Conciti
787 2665 1035 2768 Tungrorum
1052 2681 1113 2746 eet.

334 2761 504 2838 Domino
518 2792 586 2840 suo
601 2767 892 2845 clementissimo.
999 2859 1003 2870 Ι
1096 2801 1105 2812 ’

1165 2539 1218 2584 rra
1237 2529 1271 2586 et
1285 2519 1415 2606 graden
1429 2512 1615 2588 hondnum
1633 2517 1865 2603 ordinaverit,
1888 2529 1923 2588 et
1937 2517 2059 2610 quales
2073 2517 2159 2588 velit

1166 2639 1240 2687 esse
1265 2620 1529 2708 gfflernatores.
1580 2618 1669 2691 Vult
1684 2619 1785 2690 Deus
1808 2619 1844 2687 in
1864 2633 1935 2690 tota
1950 2617 2158 2688 aeternitate

1165 2742 1238 2790 sese
1261 2723 1366 2792 nobis
1388 2722 1672 2808 communicare,
1705 2719 1743 2791 id
1766 2734 1808 2791 ut
1827 2721 1904 2792 fieri
1928 2721 2056 2814 possit,
2081 2721 2161 2792 vult

1164 2845 1202 2890 se
1226 2845 1246 2892 a
1271 2823 1375 2892 uobis
1399 2837 1492 2894 recte
1515 2825 1677 2912 agnosci,
1717 2835 1753 2894 et
1774 2819 1843 2894 hoc
1873 2825 1980 2894 modo
2008 2835 2159 2907 tantum,

116 2905 167 2996 S.
201 2917 249 2996 D.
306 2915 548 2990 illustrissime
574 2933 608 2992 et
634 2922 905 2995 clementissime
928 2923 1111 3018 Princeps.
1165 2947 1239 2992 non
1255 2925 1358 2993 aliter
1373 2925 1506 3014 colligit
1522 2938 1700 2995 aeternam
1716 2919 1929 3004 Ecclesiam,
1955 2948 2042 2996 voce
2056 2924 2157 2992 vidc-

113 3021 273 3096 Memini
296 3045 403 3092 avum
426 3035 528 3092 tuum
549 3037 768 3112 maternum,
793 3025 994 3119 Principem
1017 3029 1112 3120 opti·
1165 3024 1248 3096 licet
1280 3021 1468 3116 Evangelii
1502 3026 1567 3100 sui.
1627 3023 1730 3095 Hanc
1754 3027 1831 3098 vult
1858 3025 1977 3097 audiri
2003 3037 2037 3095 ct
2062 3038 2156 3095 recte

112 3149 218 3198 mum
246 3119 381 3196 Ducem
412 3121 587 3196 Saxoniae
608 3123 809 3198 Electorem
831 3121 1041 3200 Iohannem
1071 3131 1110 3200 iu
1164 3129 1345 3216 cognosci,
1378 3141 1413 3200 et
1433 3129 1470 3196 in
1492 3123 1558 3198 hac
1576 3127 1651 3216 ipsa
1668 3126 1782 3198 Filius
1795 3151 1861 3200 nos
1876 3125 2093 3222 alloquitur,
2120 3140 2157 3198 et

113 3239 280 3310 senecta,
311 3226 472 3319 quotidie
492 3228 606 3318 legere
623 3230 736 3322 capita
755 3231 893 3325 aliquot
915 3233 954 3304 in
971 3234 1111 3324 scriptis
1163 3244 1299 3300 mentes
1320 3231 1365 3300 ad
1387 3243 1568 3300 aeternum
1586 3228 1727 3301 Patrem
1747 3231 1874 3316 flectit,
1909 3243 1944 3302 et
1965 3231 2004 3298 in
2021 3223 2156 3322 hisqui

114 3325 347 3422 Propheticis
362 3324 618 3420 etApostolicis
633 3332 786 3402 scribere
801 3335 906 3406 etiam
923 3337 1037 3427 capita
1053 3336 1110 3406 in·
1164 3332 1355 3416 obediunt,
1389 3334 1549 3404 accendit
1571 3333 1671 3402 initia
1698 3333 1791 3401 vitae
1808 3347 1990 3418 aeternae,
2014 3329 2157 3428 sapien-

112 3431 275 3526 siguium
292 3431 504 3501 concionum
522 3428 690 3520 Lutheri‚
723 3437 860 3530 quoties
885 3462 966 3508 eum
988 3439 1110 3510 audie-
1164 3435 1250 3520 tiae,
1275 3449 1310 3508 et
1333 3435 1498 3508 iustitiae.
1547 3432 1694 3504 Necesse
1710 3447 1761 3504 est
1777 3435 1887 3526 igitur
1899 3457 2023 3504 omnes
2037 3427 2156 3502 homi-

110 3537 199 3617 bat,
230 3545 266 3604 et
283 3533 328 3604 dc
344 3533 504 3604 doctrina
520 3533 558 3604 in
573 3559 680 3606 curru
696 3562 777 3608 cum
794 3539 872 3610 viro
891 3541 1062 3632 sapientia
1078 3555 1112 3612 et
1164 3559 1227 3606 nes
1256 3538 1389 3609 discere
1414 3536 1612 3608 doctrinam
1635 3539 1679 3607 de
1700 3533 1797 3618 Deo,
1837 3551 1872 3608 et
1895 3539 1940 3606 de
1962 3533 2057 3606 Filio
2081 3535 2156 3606 eius

110 3637 252 3710 virtute
268 3633 452 3706 excellenti
468 3629 642 3707 Ponione
661 3639 852 3731 disputare.
903 3641 964 3714 Sic
980 3644 1112 3716 sentie-
1162 3635 1320 3710 Domino
1344 3653 1468 3711 nostro
1494 3636 1573 3708 lesu
1592 3634 1756 3720 Christo,
1792 3640 1999 3731 patefactam
2023 3639 2061 3706 in
2082 3631 2156 3707 Ec-

109 3741 178 3812 bat
200 3759 288 3808 avus
310 3750 409 3808 tuus:
442 3737 582 3810 etiamsi
603 3740 775 3832 sapientia
792 3743 853 3814 lux
871 3757 923 3816 est
938 3746 1111 3816 divinitus
1163 3741 1287 3823 clesia,
1321 3755 1356 3814 et
1381 3741 1457 3828 eius
1479 3741 1587 3812 studii
1612 3743 1865 3830 gubernatores
1889 3755 1923 3810 et
1948 3733 2157 3830 agnothetas

110 3839 352 3914 iumentibus
366 3863 529 3926 accensa,
555 3854 673 3912 tamen
689 3841 806 3915 Deum
822 3847 913 3916 velle
928 3870 1026 3918 suam
1044 3851 1110 3919 do.
1163 3865 1236 3913 esse
1257 3844 1334 3914 vult
1354 3843 1449 3914 Deus
1472 3843 1568 3934 ipsos
1591 3839 1704 3931 Reges
1736 3856 1770 3914 et
1792 3841 1988 3932 Principes.
2053 3840 2156 3912 Sicut

111 3943 268 4016 ctriuam
291 3941 359 4030 legi
383 3955 418 4012 et
434 3945 670 4030 considerari,
697 3960 730 4018 et
748 3941 813 4018 hac
827 3951 1110 4022 consideratione
1162 3937 1340 4016 Psalmus
1353 3945 1486 4040 inquit:
1508 3941 1562 4012 Et
1578 3937 1804 4036 nuncReges
1820 3941 2028 4038 intelligite.
2052 3941 2156 4026 item,

110 4045 308 4118 accendere
326 4043 425 4116 illam
448 4067 547 4116 suam
568 4045 607 4115 in
629 4049 808 4120 mentibus
823 4049 950 4122 lucem.
999 4049 1110 4142 Leges
1162 4043 1216 4119 Ut
1240 4043 1455 4117 conveniant
1472 4039 1595 4139 Reges
1613 4053 1645 4114 et
1659 4041 1794 4144 populi
1807 4045 1847 4117 in
1868 4071 2001 4128 unum,
2034 4051 2154 4114 etser-

111 4149 225 4240 igitnr
243 4159 276 4214 et
292 4145 404 4215 disces
418 4147 553 4238 optima
575 4149 703 4240 scripta
723 4164 756 4220 et
780 4163 878 4242 petes
900 4153 1110 4223 ardentibus
1163 4146 1266 4218 aiant
1285 4143 1464 4222 Domino.
1514 4144 1563 4220 Et
1584 4137 1725 4218 Psalm.
1740 4148 1801 4222 46.
1825 4150 1959 4241 inquit,
1990 4138 2156 4244 Quando

6 4281 7 4286 ¹
110 4247 330 4322 rotisafilio
347 4245 414 4318 Dei
429 4249 637 4340 sapientiam
652 4252 714 4344 qui
729 4252 863 4343 inquit:
889 4277 925 4324 se
940 4255 1109 4324 delectari
1162 4245 1353 4346 Principes
1383 4243 1613 4347 Papularum
1653 4259 1927 4346 congregantur
1960 4273 2039 4320 cum
2071 4241 2155 4316 Deo

110 4347 303 4422 bominum
326 4351 593 4427 consuetudine.
650 4351 718 4424 His
740 4355 837 4424 enim
861 4356 981 4426 verbis
1005 4354 1110 4427 Salo·
1163 4345 1370 4439 Abraham,
1396 4347 1709 4424 exaltaturDeus
1729 4347 1847 4428 vaide.
1900 4349 2154 4422 TribuitDeus

6 4485 7 4488 ¹
117 4475 200 4522 mou
223 4455 269 4522 de
286 4451 458 4542 sapientia
476 4455 545 4528 Dei
563 4454 690 4526 utitur.
741 4453 795 4527 Ac
811 4481 877 4528 nos
893 4471 1008 4528 tecum
1026 4483 1126 4556 ora-⁸

6 4581 8 4620 ε
112 4577 193 4626 mus
217 4549 315 4624 branc
335 4553 451 4644 ipsum
474 4555 587 4628 filium
602 4555 688 4643 Dei,
718 4572 759 4630 ut
782 4571 816 4630 te
836 4573 952 4630 servet
969 4559 1109 4630 incolu-

6 4684 10 4716 ι
109 4681 208 4728 meru
226 4670 261 4726 et
275 4669 372 4746 regat
389 4669 503 4729 totum
520 4659 631 4744 vitae,
662 4661 863 4731 studiorum
882 4673 916 4731 et
931 4663 1108 4752 guberua-

109 4757 223 4830 tiuuis
237 4783 392 4834 cursum.
444 4753 522 4830 Oro
539 4761 663 4841 etiam,
689 4776 731 4834 ut
746 4761 1030 4836 illustrissimum
1044 4789 1107 4855 pa-

6 4895 8 4902 >
108 4874 204 4932 trem
230 4873 265 4932 et
283 4875 429 4932 matrem
447 4875 482 4932 et
495 4863 618 4932 iratres
634 4875 668 4932 et
681 4885 822 4936 sorores
838 4879 953 4936 servet
968 4865 1108 4936 incolu-

107 4985 199 5037 mes.
258 4959 313 5032 De
332 4963 459 5032 ordine
481 4963 591 5036 studii
613 4963 716 5036 mitto
739 4967 894 5056 pagellas
916 4967 1031 5037 multo
1053 4981 1108 5038 te-

108 5065 221 5136 nuius
244 5063 411 5158 scriptas,
448 5089 557 5160 quam
580 5065 790 5158 magnitudo
813 5069 866 5138 rei
889 5061 1108 5164 postulat*).

139 5295 173 5364 ⁶)
193 5293 261 5350 siae
276 5289 363 5346 dubio
376 5309 409 5362 pa
428 5289 520 5373 ellae..
538 5309 604 5364 quas
622 5291 785 5348 Melanthea
803 5302 1021 5364 commemorat,
1043 5301 1109 5350 sunt

176 5363 312 5446 seriptum
342 5377 397 5444 φρ
446 5369 569 5434 sequitur
586 5371 612 5418 et
632 5361 695 5418 buic
713 5364 841 5436 epistolae
863 5363 916 5418 init
937 5363 1108 5448 sdiupctum.

176 5431 1107 5576 dliii·tt'ttttltliiiilltttttlimitet*

1161 4455 1362 4527 societatem
1378 4455 1433 4524 sui
1450 4455 1608 4526 nominis
1627 4453 1856 4546 Principibus
1871 4453 2048 4546 iuquiens,
2066 4445 2156 4542 Ego

1161 4551 1249 4627 delei
1258 4611 1269 4642 ,
1294 4551 1373 4626 Dii
1386 4555 1486 4642 uta,
1513 4581 1586 4628 non
1601 4571 1638 4628 ut
1655 4559 1727 4629 siut
1743 4571 1880 4630 tantum
1897 4555 2060 4624 custodes
2072 4577 2152 4622 cor-

1160 4683 1288 4751 porum
1314 4659 1457 4752 populi,
1489 4659 1697 4746 sedetiam,
1727 4673 1768 4730 ut
1789 4658 1988 4729 doctrinam
2012 4656 2056 4724 de
2076 4654 2154 4726 Dco
2184 4647 2189 4660 ’

1160 4762 1199 4831 iu
1223 4785 1349 4852 genere
1375 4757 1553 4846 humano,
1583 4761 1770 4854 propagari
1796 4771 1931 4830 curent.
1988 4755 2153 4828 Primum

1160 4863 1269 4950 igitur
1281 4889 1322 4934 ac
1338 4865 1525 4956 praecipue
1541 4863 1678 4932 discant
1694 4861 1877 4949 Principes
1892 4859 2091 4930 doctrinam
2108 4862 2154 4928 cle

1158 4963 1255 5050 Deo,
1287 4981 1322 5038 et
1345 4965 1439 5036 Filio
1464 4967 1539 5036 eius
1563 4963 1719 5034 Domino
1744 4975 1866 5032 nostro
1892 4959 1973 5032 lesu
1996 4957 2153 5046 Christo,

1160 5081 1194 5138 et
1218 5067 1267 5140 ita
1291 5068 1447 5152 discant,
1479 5081 1521 5138 ut
1541 5067 1656 5136 fontes
1679 5075 1871 5158 quaeram,
1897 5089 1972 5132 non
1988 5077 2028 5134 ut
2044 5063 2153 5134 illite-

1160 5169 1228 5242 rati
1261 5193 1434 5240 summam
1470 5181 1608 5238 tantum
1636 5181 1838 5258 excerpant:
1880 5169 1941 5236 sed
1969 5179 2009 5235 ut
2034 5177 2153 5232 mente

1160 5272 1440 5362 complectantur
1460 5283 1573 5341 totum
1599 5269 1782 5340 doctrinae
1805 5289 1953 5360 corpus,
1980 5279 2013 5338 et
2028 5265 2153 5348 sciant⁴

1161 5397 1251 5468 quae
1273 5371 1462 5464 praecipue
1476 5371 1610 5442 luerint
1626 5395 1763 5464 semper
1778 5371 1817 5440 in
1833 5367 1993 5442 Ecclesia
2007 5380 2154 5436 contru-

1161 5475 1314 5554 rersiae,
1346 5497 1437 5568 quae
1468 5473 1679 5562 certamina,
1718 5497 1807 5570 quae
1838 5473 1980 5564 piorum
2004 5469 2154 5542 iudicia:
