4782 6182
803 295 1238 386 Eetstobntttttt

1060 491 1120 557 er.
1139 479 1227 566 Sos

1054 573 1226 604 m

499 693 650 785 louet.
682 687 965 780 conseras-io.

302 863 390 938 Epist.
401 859 435 917 sd
450 859 587 914 Gamerae.
602 874 628 928 p.
639 849 691 908 693
708 849 764 920 (ed.
776 847 867 904 Laud.
879 845 928 902 lib.
943 843 991 902 tv.
1006 859 1049 915 ep.
1062 841 1148 912 sss).

223 331 301 408 85!

238 499 427 579 nosses.

231 599 442 632 Μ

231 1019 462 1100 Clarissimo
485 1014 563 1086 viro
587 1006 790 1084 eruditione
816 1014 847 1076 ιι
873 1004 1002 1075 virtute
1022 996 1234 1100 praestanti

264 1125 293 1198 1
298 1118 424 1196 oncle.
449 1109 729 1192 Camerario
755 1103 1066 1210 Patsonteos
1080 1101 1210 1176 eorus.

235 1267 290 1356 S.
316 1277 360 1350 D.
383 1247 386 1260 ²
411 1273 520 1363 Quod
542 1271 696 1340 faustum
718 1276 753 1334 et
773 1261 860 1332 selis
880 1260 925 1328 sit
940 1260 1039 1328 adest
1054 1249 1232 1337 Sabinus,

240 1400 274 1454 et
295 1381 385 1452 filias
402 1391 541 1446 nostras
558 1368 780 1439 dulcissimas
796 1363 962 1444 adduxit,
988 1381 1076 1452 quas
1092 1357 1235 1425 intuens

242 1501 277 1556 et
304 1487 348 1552 de
376 1478 506 1548 uostris
534 1472 671 1553 exiliis,
702 1483 736 1537 et
760 1467 839 1534 aliis
863 1463 1042 1531 aerumnis
1068 1459 1236 1548 cogitans,

242 1585 424 1679 quomodo
457 1577 588 1648 alliciar
618 1571 685 1643 tibi
719 1569 875 1637 iudicare
903 1587 977 1632 non
1004 1561 1147 1632 difficile
1175 1571 1238 1643 est,

244 1689 337 1784 patri
376 1682 528 1752 maxime
570 1665 827 1772 φιλοστόργῳ,
870 1669 930 1735 sed
973 1663 1238 1734 meminerimus

244 1796 360 1864 Deum
383 1808 456 1854 esse
471 1795 605 1873 patrem
621 1769 877 1865 orphanorum.
930 1765 972 1836 ln
988 1765 1163 1837 fasciculis
1178 1763 1236 1832 lit·

132 1949 136 1956 .
244 1909 401 1964 terarum
417 1908 507 1980 quos
521 1879 638 1969 accepi
652 1877 802 1954 multos,
827 1894 951 1942 suaves
968 1869 1132 1961 epistolas
1149 1868 1239 1935 duo-

247 2020 327 2064 rum
345 1994 523 2059 bonorum
544 1983 703 2050 virorum
721 1989 754 2044 et
769 1976 945 2044 bonorum
962 1971 1150 2042 Poetarum
1173 1966 1238 2038 tibi

247 2096 372 2174 mitto,
397 2081 566 2180 Stigelis',
594 2095 629 2151 et
643 2072 801 2158 Acontir',
828 2102 867 2146 ac
886 2071 1130 2145 Mathematici
1147 2061 1241 2141 Coe-

249 2190 403 2268 soriani
416 2187 599 2282 epistolam
615 2181 749 2265 addidi,
775 2205 880 2272 quam
897 2180 969 2247 scio
988 2178 1053 2248 tibi
1070 2171 1241 2264 voluptati

250 2300 347 2380 lore,
373 2294 402 2362 si
421 2304 563 2384 potero,
587 2309 667 2355 cum
684 2279 829 2352 Sabino
844 2283 934 2350 istnc
949 2279 1102 2350 veniam.
1153 2273 1241 2344 Heri

252 2399 357 2469 nobis
374 2387 539 2466 Sorcerii
561 2409 728 2476 magnum
754 2385 921 2453 volumen
941 2407 982 2450 ex
1000 2381 1080 2448 esula
1098 2379 1241 2447 missum

252 2517 322 2584 est,
348 2513 387 2568 ut
404 2511 564 2566 nostrum
581 2487 755 2558 iudicium
773 2486 872 2554 aulae
889 2483 1144 2572 significemus,
1169 2501 1244 2544 me-

252 2619 314 2675 tuo
333 2599 467 2668 ironias
482 2589 542 2691 '),
568 2591 627 2660 sed
644 2587 866 2678 respondebo
883 2583 1108 2661 λακωνικῶς.
1146 2577 1245 2648 Beue

253 2719 289 2776 et
303 2701 452 2772 feliciter
469 2697 556 2764 vale.
609 2689 747 2780 Quinto
761 2685 837 2762 Cal.
853 2683 983 2760 Octob.
999 2675 1074 2779 ⁴³).

994 2781 1195 2878 Philippus.

257 2991 1238 3028 W.-,......-

254 3141 324 3214 No.
340 3133 455 3212 6084.

264 3233 489 3308 w&

577 3330 627 3418 U.
656 3327 934 3416 Maraeuee.

329 3499 413 3572 Epist.
431 3497 477 3552 lib.
496 3495 532 3550 V.
555 3512 584 3564 p.
605 3493 654 3545 ts?
671 3507 730 3561 sqq.

1077 3123 1248 3244 Q

262 3659 327 3734 Ul
336 3657 432 3728 rico
458 3632 989 3818 Mordisinleonsilinrio
1013 3637 1133 3711 Ducis
1157 3635 1254 3714 Sox.

761 3755 823 3820 eet.

263 3901 313 3990 S.
340 3907 387 3979 D.
439 3899 642 3974 Clarissime
657 3899 731 3981 vir,
758 3909 794 3965 et
809 3891 963 3963 Patrone
979 3893 1139 3964 colende.
1176 3885 1254 3958 Etsi

264 4013 397 4088 multas
423 4005 588 4098 epistolas
613 4025 655 4070 ex
679 3996 933 4074 Fraucoiordia
960 3993 1097 4085 accepi,
1137 4005 1255 4061 tamen

265 4111 360 4189 nihil
390 4110 428 4177 in
456 4108 527 4176 illis
550 4101 615 4173 hac
639 4125 710 4172 una
736 4099 939 4169 narratione
963 4095 1154 4166 iucundius
1179 4094 1256 4163 luit.

267 4217 346 4294 Rex
369 4201 749 4300 Most-aemylianus
780 4200 919 4269 rediens
946 4223 987 4268 ex
1008 4196 1150 4286 Belgica
1176 4197 1257 4266 lecit

268 4323 336 4392 iter
351 4341 415 4410 per
430 4301 712 4403 Stutgnrdiam.
759 4303 829 4382 lbi,
853 4325 933 4370 cum
953 4325 994 4368 eo
1009 4301 1085 4390 ipso
1102 4313 1257 4390 tempore

269 4419 462 4516 peperisset
487 4415 599 4482 filiurn
622 4407 789 4480 Coniunx
812 4399 921 4473 Ducis
937 4401 1258 4490 Wirtebergensis,

269 4527 344 4616 ipse
360 4518 439 4591 Rex
456 4511 793 4605 Max-aemylianus
807 4507 918 4575 lactus
935 4515 986 4572 est
1003 4505 1099 4573 testis
1118 4501 1260 4596 Baptis-

270 4627 341 4710 m'i,
367 4635 401 4690 et
417 4641 547 4689 nomen
563 4605 918 4705 Mox-aemylioui
930 4605 1054 4674 tribuit
1067 4605 1155 4690 filio,
1181 4603 1259 4675 Du-

271 4727 341 4808 cis,
366 4720 506 4794 inlanti.
553 4717 720 4790 Laetatus
736 4735 813 4782 sum
831 4707 895 4779 hac
911 4707 1165 4800 significatione
1180 4731 1260 4776 mu·
1291 4715 1294 4722 ’

272 4844 353 4896 tuae
368 4819 635 4892 benevolentiae
649 4818 742 4886 inter
757 4813 951 4903 Principes.

374 4921 585 4993 Tribuimus
619 4919 774 4988 officium
802 4910 1039 4983 concionandi
1065 4909 1259 4998 intemplo

272 5027 383 5112 arcis,
414 5023 509 5116 quod
531 5021 645 5092 tenuit
660 5017 793 5088 Doctor
807 5007 956 5098 Petrus,
982 5013 1123 5082 cuidam
1142 5009 1260 5100 Magi-

273 5147 367 5215 stro,
399 5113 703 5204 PaoloCrelIio,
735 5111 897 5210 orphano
925 5113 1126 5198 lslebiensi,
1160 5111 1261 5204 inge-

273 5273 501 5304 .-----

307 5357 338 5426 ¹)
358 5347 591 5472 mordlguwlm
612 5344 747 5417 voluptate
766 5343 820 5397 tuti
833 5352 970 5416 spectator
981 5340 1090 5395 ittam
1106 5337 1261 5395 calumnis·

343 5441 416 5478 rum.
477 5455 485 5472 .
548 5455 556 5472 .

308 5511 357 5580 W)
376 5506 438 5562 Nou
451 5504 551 5576 scripte
566 5509 606 5556 est
619 5501 696 5576 epist.
710 5517 783 5554 ιιιιιο
798 5498 893 5569 1555.,
912 5507 941 5551 ιιι
956 5495 1045 5554 visum
1059 5504 1099 5550 ret
1112 5495 1221 5553 editori.

1287 293 1504 378 [2113.le
1556 291 1693 378 ¹566.
2203 295 2286 372 860

1278 472 1382 545 nioso
1407 470 1507 559 viro,
1538 495 1692 567 quatem
1721 493 1769 542 ue
1795 469 1919 542 sinatis
1943 471 2076 543 mutari
2104 469 2281 542 ambitio-

1278 576 1327 646 sis
1357 574 1603 667 petitionibus.
1653 567 2285 665 Draetssadius‚gener1)0uom

1281 671 1454 770 Georgii,
1479 701 1576 749 nunc
1591 678 1697 750 estin
1712 677 1793 748 aula
1809 674 1960 748 Comitis
1973 669 2173 746 Friderics'
2187 671 2282 746 Mo-

1278 777 1368 876 gns',
1393 770 1552 851 Comitis
1570 777 1610 849 in
1623 774 1762 872 Sotms,
1787 781 1850 850 sed
1866 779 1905 848 in
1921 780 2000 850 loco
2015 779 2174 849 viciniae
2192 776 2285 848 llas-

1283 885 1372 968 siae,
1398 882 1436 950 in
1453 907 1525 976 quo
1542 907 1606 952 nee
1621 882 1733 953 victus
1750 879 1967 952 conveniens
1983 895 2033 952 est
2049 880 2200 974 pueris,
2224 905 2287 952 uer

1284 981 1541 1056 Oeconomiam
1564 985 1750 1056 instituere
1772 997 1906 1076 potest,
1939 997 2085 1076 propter
2108 983 2287 1074 stipendii

1286 1087 1506 1162 tenuitatem.
1556 1083 1672 1157 Credo
1696 1085 1866 1157 idoneum
1889 1109 1963 1174 esse
1981 1089 2025 1154 ad
2038 1083 2192 1156 Notarii
2210 1110 2288 1154 rnu-

1285 1212 1354 1258 nus
1368 1189 1406 1258 in
1421 1186 1643 1260 Consistorio
1658 1187 1857 1284 Mysnensi.
1907 1185 1955 1258 Et
1972 1187 2068 1260 scitis
2087 1187 2129 1256 iu
2145 1187 2288 1257 familis

1287 1287 1434 1362 honesta
1459 1303 1583 1362 uatum
1604 1315 1698 1374 esse,
1731 1317 1796 1361 avo
1819 1290 1984 1362 Doctore.
2043 1287 2221 1377 Quaeso,
2255 1305 2289 1358 ut

1287 1394 1363 1464 eius
1384 1393 1558 1462 rationem
1579 1388 1758 1476 habeatis,
1784 1395 1901 1464 redire
1919 1392 2013 1462 enirn
2029 1391 2069 1460 iu
2085 1386 2156 1462 bas
2170 1393 2286 1481 regio·

1288 1519 1353 1566 nes
1367 1495 1509 1585 cogitat.

1390 1595 1433 1666 ln
1447 1595 1600 1666 Paionia
1623 1596 1797 1686 oppidum
1813 1588 2017 1681 Petrowilr,
2043 1595 2083 1664 in
2107 1621 2185 1688 quo
2204 1619 2286 1664 con-

1289 1709 1416 1770 ventus
1431 1695 1549 1790 Regni
1566 1696 1729 1767 Polonici
1744 1699 1882 1792 aliquot
1894 1701 2053 1779 suerunt,
2079 1697 2151 1766 iam
2173 1711 2284 1766 terrae

1290 1815 1391 1872 motu
1415 1814 1449 1870 et
1463 1801 1731 1890 tempestatibus
1748 1801 1934 1872 disiectum
1954 1813 2018 1873 est.
2070 1796 2283 1887 Impendent

1289 1905 1416 1974 ruinae
1441 1925 1651 1992 regnorum,
1677 1902 1771 1972 inter
1793 1928 1881 1996 quas
1894 1915 2064 1973 utservet
2077 1897 2191 1969 Filius
2208 1897 2278 1968 Dei

1291 2028 1390 2078 susm
1405 2007 1587 2099 cymbam,
1613 2015 1650 2074 et
1663 1999 1839 2074 Ecclesias
1854 2001 1980 2076 haruin
1998 2003 2186 2094 regionum
2195 2027 2279 2094 pro-

1291 2119 1395 2196 tegat,
1415 2119 1490 2178 toto
1509 2131 1588 2178 eum
1606 2118 1745 2198 pectore
1762 2131 1837 2180 oro.
1888 2105 2005 2196 Quem
2021 2129 2088 2174 oro
2105 2105 2219 2186 etiarn,
2243 2117 2277 2171 ot

1291 2208 1486 2280 Ecclesiam
1513 2223 1664 2279 vestram
1688 2209 1914 2278 domesticam
1930 2221 1967 2278 et
1981 2231 2047 2278 vos
2065 2208 2107 2276 in
2120 2231 2164 2277 ea
2183 2219 2274 2276 servet

1293 2325 1326 2381 et
1349 2313 1533 2400 gubernet.
1584 2309 1683 2378 Bene
1707 2311 1832 2380 valete.
1884 2311 1952 2382 Die
1969 2308 2100 2392 Festo,
2135 2303 2280 2404 quole-

1294 2413 1397 2482 clesia
1413 2411 1489 2483 Deo
1510 2413 1639 2501 gratias
1654 2412 1727 2502 agit
1742 2437 1806 2505 pro
1823 2413 1979 2485 excubiis
1993 2425 2201 2484 castrorum
2217 2409 2283 2482 An·

1295 2514 1466 2603 gelorum.
1513 2509 1623 2588 1556.

2041 2611 2244 2708 Philippus

1299 2844 1310 2854 ο
1326 2839 1526 2856 cnm-a·-
1542 2838 2105 2864 ·ιοι--.-·ομ-φό-ῠιιηιν---.-...-,
2138 2842 2188 2851 ...ι
2213 2841 2238 2849 -’
2254 2835 2281 2844 ‘⁴

1311 2983 1375 3055 No.
1395 2980 1507 3059 6085.

2154 3001 2184 3060 t.
2203 2988 2261 3052 Oet.

1305 3085 1516 3119 Μ
2134 3077 2279 3108 ψῃ

1624 3185 1688 3270 D.
1717 3181 1957 3299 Chytroeo.

1372 3342 1421 3413 (Er
1436 3342 1536 3401 David.
1550 3345 1680 3416 Chytreei
1692 3344 1828 3418 epistolis,
1849 3363 1876 3417 p.
1890 3343 1977 3412 1246.)

1570 3497 1759 3572 Davisii
1782 3491 2034 3598 Chytraeo.

1304 3639 1516 3728 Clarissimo
1540 3653 1595 3722 vir
1617 3669 1651 3724 et
1667 3656 1782 3727 cariss.
1800 3655 1917 3724 irater.
1968 3650 2072 3726 Nihil
2090 3661 2139 3728 de
2157 3657 2237 3730 bello
2248 3651 2276 3748 ‘l

1304 3756 1440 3835 scribo,
1474 3778 1538 3824 nec
1563 3781 1684 3826 causas
1709 3758 1814 3840 novi,
1849 3780 1914 3825 nec
1937 3781 1994 3826 rue
2016 3758 2182 3830 iudicem
2202 3759 2286 3830 letio.

1305 3857 1376 3928 Sed
1400 3879 1463 3924 oro
1477 3855 1612 3942 Deum,
1638 3872 1676 3927 nt
1700 3874 1734 3928 et
1757 3857 1924 3930 Ecclesiis
1944 3861 2006 3930 det
2032 3862 2133 3953 piam
2160 3885 2289 3934 mutor·

1306 3959 1419 4042 diam,
1452 3974 1486 4030 et
1509 3981 1628 4028 earum
1647 3957 1811 4050 hospitiis
1826 3983 1958 4051 pacem.
2009 3961 2292 4034 Scribamaliam

1306 4059 1546 4130 narrationem
1577 4062 1835 4136 iucundiorem.
1892 4059 1984 4132 Cum
2007 4061 2085 4136 Rex
2107 4063 2295 4138 Maximi-

1307 4160 1435 4233 ls'onos
1468 4187 1582 4253 nuper
1615 4189 1655 4234 ex
1680 4161 1821 4255 Belgico
1847 4164 2009 4250 rediens,
2051 4190 2118 4257 per
2146 4185 2297 4242 nostran

1306 4266 1457 4357 patriam
1485 4265 1553 4335 iter
1575 4267 1657 4336 fecit
1678 4292 1717 4336 ac
1739 4265 1980 4354 Stutgardiarn
2005 4270 2123 4352 venit,
2166 4299 2209 4343 eo
2235 4275 2300 4364 ipso

1308 4382 1464 4458 ternpore
1497 4367 1625 4436 coniux
1661 4367 1768 4440 llucis
1801 4362 2135 4462 Wurtebergensis
2174 4374 2303 4468 peperit

1308 4469 1439 4552 lilium,
1469 4494 1508 4537 ac
1533 4470 1699 4558 baptismi
1723 4470 1819 4540 testis
1839 4469 1950 4540 sactus
1965 4484 2016 4541 est
2029 4469 2110 4545 Rex
2128 4473 2305 4548 Maximi-

1307 4572 1442 4654 lianus,
1467 4584 1501 4641 et
1520 4571 1592 4640 lilio
1607 4569 1717 4641 Ducis
1733 4570 2053 4663 Wurtebergensis
2069 4599 2218 4649 nomen
2235 4577 2307 4650 tta-

1308 4672 1483 4743 ximiliani
1502 4671 1639 4742 tribuit.
1669 4672 1836 4744 Laetatus
1854 4697 1933 4743 sum
1951 4670 2016 4744 bac
2034 4675 2132 4746 inter
2152 4705 2195 4751 se
2214 4683 2308 4773 prio·

1309 4775 1427 4864 ripum
1461 4775 1706 4846 benevolentia
1738 4789 1773 4846 et
1804 4773 2060 4864 significatione
2092 4779 2250 4869 pietatis
2276 4784 2307 4852 in

1310 4875 1571 4949 Maximiliano.
1629 4873 1682 4946 De
1702 4876 1983 4947 dissensionibus
2003 4903 2094 4972 quoe
2115 4887 2227 4976 apud
2255 4909 2309 4953 vos

1309 4993 1407 5049 ortae
1437 4991 1520 5049 sunt
1553 4974 1636 5072 περὶ
1670 4975 2002 5070 ἅναθεματισμοῦ,
2031 5005 2111 5049 cum
2146 4989 2306 5058 viderem

1311 5106 1384 5149 non
1401 5104 1473 5150 esse
1488 5081 1726 5174 quaestionem
1743 5083 1787 5150 de
1803 5081 1983 5166 doctrina,
2008 5077 2100 5151 nihil
2118 5089 2308 5180 respondi,

1309 5207 1374 5252 nec
1397 5183 1496 5250 volui
1511 5183 1550 5250 in
1570 5183 1685 5256 aliena
1702 5181 1845 5275 Repub.
1862 5187 2225 5282 πολυπραγμονεῖν,
2253 5185 2309 5264 καὶ

1346 5431 1375 5501 *)
1396 5429 1481 5498 Quod
1500 5431 1648 5490 movebunt
1667 5433 1759 5488 Duces
1776 5431 2024 5506 Megslburgeuses
2051 5437 2192 5496 savum·
2213 5439 2309 5496 Rosu-

1382 5499 1493 5556 tbisuos
1511 5501 1562 5556 illo
1582 5512 1715 5572 tempore.
