4808 6176
212 283 288 359 455
792 266 1224 356 EPlSTOLAPsUM

217 458 326 528 miam
348 469 517 542 vestram,
550 479 686 550 nosque
708 467 848 549 optare,
874 467 915 525 ut
938 477 1052 524 unum
1076 452 1114 521 in
1134 447 1211 522 Deo

218 562 330 630 simus
351 562 479 630 intuta
500 559 717 630 aeternitate.
767 555 865 627 Bene
880 557 1004 632 valete.
1055 553 1214 626 Salutem

220 675 303 758 opto
317 664 441 734 amicis
459 663 588 733 nostris
601 662 779 734 omnibus.

730 774 918 872 Philippus
936 768 1164 848 Melanthon.

1276 267 1384 352 LlB.
1409 265 1492 352 xtt.
1545 269 1678 352 1555.
2182 271 2259 348 456

1265 445 1417 540 scripsit.
1467 441 1546 516 Etsi
1563 443 1659 514 enim
1674 437 1740 513 hae
1752 435 1981 514 scholasticae
1998 442 2264 515 admonitiones

1266 575 1285 620 a
1307 549 1429 620 multis
1454 549 1680 629 deridentur,
1709 557 1828 617 tamen
1843 542 1919 616 Deo
1941 559 2080 636 gratum
2102 547 2265 618 officinm

1267 663 1338 737 est,
1370 651 1455 721 vitia
1478 651 1698 740 vituperare,
1730 662 1765 719 ct
1798 649 1943 718 laudare
1969 650 2152 724 virtutem.
2209 645 2266 720 Et

1267 765 1352 824 sunt
1374 751 1486 847 aliqui
1513 751 1707 833 sanabiles,
1740 751 1871 846 quibus
1902 745 1970 820 hae
1999 750 2268 824 admonitiones

1267 870 1428 948 prosunt.
1480 851 1707 946 Deploranda
1727 865 1779 924 est
1801 865 1918 924 autem
1942 847 2131 924 hominurn
2154 853 2270 922 mise-

1269 959 1340 1044 ria,
1366 957 1461 1052 quod
1478 979 1604 1046 magna
1620 978 1700 1048 pars
1717 951 1906 1026 hominum
1926 979 2001 1024 non
2025 955 2141 1025 solum
2164 955 2270 1026 divi-

1269 1061 1326 1130 nis
1342 1059 1574 1130 concionibus
1590 1081 1666 1128 non
1687 1059 1913 1144 emendatur,
1937 1057 2147 1140 sedetiam,
2175 1052 2272 1128 hor·

1207 1221 1214 1238 .
1268 1163 1390 1232 rendis
1405 1161 1529 1254 poenis
1545 1173 1580 1232 et
1596 1161 1690 1230 mole
1705 1159 1944 1231 calamitatum
1959 1181 2125 1252 oppressa
2140 1174 2272 1230 tamen

525 1371 590 1458 lo.
618 1372 921 1458 Draconitue.

295 1533 378 1606 epar.
392 1532 439 1588 tn.
456 1532 491 1590 u.
512 1551 538 1604 p.
553 1507 605 1587 aas
619 1550 658 1604 sq.
678 1532 734 1603 (aa.
746 1530 836 1589 noua.
849 1533 895 1590 tu.
909 1531 944 1586 u.
963 1551 1005 1604 ep.
1018 1529 1104 1596 aaut

415 1691 470 1766 D.
497 1687 1031 1764 Iohanns'Dracons'tae

224 1831 270 1918 S.
297 1841 343 1917 D.
395 1843 536 1914 Scimus
558 1867 665 1936 quam
688 1843 783 1912 varia
809 1841 1068 1934 disputaverint
1093 1837 1219 1912 Philo-

226 1942 328 2038 sophi
348 1948 391 2014 de
408 1947 521 2016 causis
538 1947 705 2014 colendae
721 1945 913 2015 amicitiae:
958 1945 1120 2014 doctrina
1137 1968 1219 2014 coe·-

226 2050 322 2118 lestis
347 2050 460 2117 multo
484 2047 661 2138 graviores
683 2070 803 2116 carneas
825 2047 991 2119 ostendit.
1045 2046 1131 2118 Vult
1152 2070 1218 2115 nos

224 2149 322 2220 Deus
348 2151 500 2240 primum
524 2150 591 2218 sibi
613 2175 677 2242 per
699 2147 830 2220 Filium
855 2150 1037 2240 copulatos
1063 2172 1156 2230 esse,
1184 2163 1218 2220 et

226 2277 292 2322 nos
306 2277 418 2322 unum
434 2275 507 2321 esse
520 2251 558 2320 in
573 2253 661 2343 ipso.
710 2251 849 2324 Deinde
865 2251 944 2322 vult
960 2275 1025 2320 nos
1044 2251 1138 2322 inter
1152 2275 1218 2321 nos

225 2379 367 2448 qnoque
383 2353 566 2445 copulatos
579 2378 670 2439 esse,
697 2379 742 2424 ne
758 2353 916 2423 membra
935 2353 1075 2422 divulsa
1090 2353 1128 2421 iu
1142 2377 1217 2424 uno

224 2481 373 2548 corpore
390 2457 671 2541 tumultuentur,
683 2470 718 2526 et
733 2456 828 2526 inter
842 2479 916 2525 sese
932 2469 1101 2546 pugnent.
1128 2453 1217 2526 Vult

226 2583 291 2628 nos
326 2572 470 2649 propter
497 2558 687 2628 utilitatem
716 2555 896 2627 Ecclesiae
928 2557 1216 2627 coniunctionem

226 2663 339 2743 tueri,
371 2653 497 2740 στάσις
516 2655 592 2759 γὰρ
620 2655 769 2756 φθείρει
793 2655 861 2740 τὰς
883 2649 1013 2739 πόλεις.
1075 2655 1215 2729 Deinde

225 2765 314 2832 aliae
339 2759 505 2833 honestae
530 2786 653 2832 causae
677 2765 810 2832 multae
831 2775 914 2832 sunt
936 2763 1076 2832 colendi
1093 2761 1215 2832 amici-

225 2867 303 2938 tias.
362 2863 447 2934 ldeo
479 2877 514 2936 et
539 2865 694 2957 appetivi
728 2865 922 2936 multorum
956 2863 1150 2950 amicitias,
1182 2879 1216 2936 ct

224 2969 337 3037 sciens
352 2967 531 3036 neminem
549 2968 744 3037 amicornm
762 2967 865 3052 laesi,
889 2966 950 3036 sed
965 2967 1156 3038 crudeliter
1175 2968 1212 3036 in

225 3095 280 3138 rne
302 3061 511 3154 Osicerda,
542 3083 577 3140 et
597 3065 774 3162 βλακικὸς
794 3067 902 3161 ὄχλος
929 3069 1101 3160 impetum
1122 3070 1213 3139 sece-

223 3187 319 3246 runt.
381 3169 516 3242 [nterea
536 3173 684 3262 gratiam
716 3169 830 3244 habeo
850 3167 972 3242 multis
992 3172 1096 3242 bonis
1118 3172 1215 3256 viris,
1243 3245 1246 3256 ,

222 3289 257 3344 et
270 3275 364 3343 inter
379 3269 444 3344 hos
462 3274 526 3343 tibi
543 3299 695 3368 quoqne,
710 3277 788 3344 viro
805 3273 997 3365 praestanti
1012 3274 1214 3344 eruditione

221 3389 259 3445 et
281 3377 429 3461 virtute,
462 3401 613 3469 quornm
635 3401 655 3445 a
676 3401 733 3446 me
757 3400 829 3446 non
848 3387 932 3445 sunt
959 3375 1129 3445 alienatae
1150 3403 1215 3446 vo-

223 3477 397 3558 luntates,
429 3502 469 3546 ac
492 3478 574 3546 volo
604 3492 719 3546 tecum
742 3474 833 3546 mihi
857 3489 1064 3568 perpetuam
1088 3478 1214 3546 amici-

222 3578 308 3648 tiam
325 3601 415 3661 esse,
442 3593 563 3670 quaet
585 3578 624 3646 in
645 3579 786 3650 coelesti
803 3578 1060 3650 consuetudine
1079 3579 1213 3650 dulcis-

221 3680 309 3748 sime
323 3682 494 3752 fruemur.
546 3677 669 3752 Editio
692 3695 772 3753 tuae
789 3674 1014 3774 propheticae
1039 3680 1212 3774 interpre-

222 3781 366 3851 tationis
383 3782 449 3852 erit
464 3777 555 3851 mihi
571 3793 691 3860 curae:
725 3782 822 3854 Bene
840 3783 929 3858 vale.
971 3781 1039 3856 Die
1049 3779 1087 3861 5.
1103 3781 1213 3880 Apri-

220 3883 276 3953 lis.
300 3881 408 3955 Anno
429 3879 539 3960 1555.

1270 1265 1369 1336 velut
1383 1281 1528 1356 stupens
1542 1277 1576 1333 et
1592 1263 1715 1352 ignara
1733 1262 1807 1348 sui,
1833 1262 2028 1334 delectatur
2048 1261 2194 1334 usitatis
2210 1264 2272 1332 vi-

1270 1367 1349 1454 tiis,
1373 1391 1437 1437 nec
1453 1366 1591 1460 quaerit
1613 1364 1824 1436 levationem
1840 1365 2083 1436 communium
2099 1366 2271 1437 miseria·

1270 1493 1361 1538 ruso.
1420 1467 1495 1540 lam
1528 1491 1640 1539 annos
1666 1491 1794 1538 novem
1818 1466 1975 1536 vidimus
2003 1467 2042 1536 in
2065 1463 2269 1541 Germania

1270 1571 1363 1642 bella
1382 1570 1519 1658 civilia,
1544 1593 1623 1642 cum
1646 1569 1779 1641 interea
1806 1583 1841 1640 et
1860 1567 2015 1638 vicinam
2034 1566 2265 1641 Pannoniam

1272 1685 1409 1745 vastent
1424 1671 1573 1746 Turcae.
1600 1669 1658 1742 Ad
1678 1667 1764 1742 haec
1787 1670 1880 1741 mala
1902 1685 2128 1743 accesserunt
2142 1673 2261 1755 fames,

1272 1775 1491 1868 pestilentia,
1525 1773 1671 1846 dissidia
1697 1773 1899 1854 doctrinae,
1934 1773 2168 1865 expilationes
2193 1801 2257 1868 pu·

1271 1879 1358 1970 puli.
1409 1875 1457 1947 Et
1475 1903 1515 1946 ex
1531 1875 1684 1970 publicis
1701 1875 1801 1945 malis
1821 1875 1957 1967 privata
1974 1875 2089 1946 multa
2104 1899 2247 1969 sequun-

1271 1993 1346 2062 tur,
1372 1993 1411 2050 nt
1425 2003 1508 2049 vere
1528 1979 1660 2050 dicitur
1682 1978 1719 2048 in
1740 2001 1845 2048 versu
1859 1975 2022 2050 Solonis:
2050 1975 2191 2047 s'rstrunt
2215 1975 2247 2046 io

1270 2075 1461 2153 thalamos
1486 2078 1639 2180 publica
1660 2075 1801 2149 domna
1828 2087 1920 2149 tuos.
1977 2077 2120 2176 Tamen
2149 2080 2258 2173 pluri·

1270 2185 1339 2271 mi,
1378 2185 1479 2278 quasi
1517 2182 1668 2264 efferati,
1712 2184 1806 2254 fiunt
1838 2179 2030 2253 deteriores
2068 2197 2104 2254 et
2149 2185 2263 2254 furio·

1271 2287 1396 2357 siores.
1455 2283 1551 2356 Haec
1578 2287 1627 2357 ita
1657 2285 1749 2358 liunt
1771 2309 1851 2355 cnm
1873 2283 1993 2354 fatales
2014 2307 2157 2376 poenae
2184 2287 2266 2359 totis

1270 2389 1433 2478 gentibus
1487 2388 1705 2480 impendent.
1789 2383 1868 2456 Hoc
1914 2385 1978 2478 qui
2023 2389 2270 2476 considerant,

1270 2490 1381 2559 lilium
1404 2488 1491 2578 Dei,
1527 2487 1724 2559 Dominum
1747 2501 1910 2559 nostrum
1937 2486 2054 2557 lesum
2075 2485 2270 2561 Christum

1269 2605 1474 2684 precentur,
1499 2606 1539 2663 ut
1561 2592 1607 2661 sit
1624 2605 1740 2662 custos
1763 2605 1797 2661 et
1815 2589 2065 2660 umbraculum
2078 2585 2270 2664 Ecclesiae

1269 2718 1370 2779 suae,
1395 2707 1429 2765 et
1444 2719 1519 2764 non
1536 2695 1628 2764 sinat
1644 2694 1754 2768 deleri
1778 2692 1894 2762 lucem
1910 2689 2094 2763 doctrinae
2116 2717 2207 2764 suae
2236 2709 2269 2768 et

1268 2791 1453 2868 honestam
1478 2797 1714 2889 disciplinam.
1764 2792 1844 2864 Hoc
1870 2793 2060 2864 consilium
2086 2811 2269 2868 monstrat

1268 2899 1341 2992 ipse
1356 2899 1449 2969 lilius
1464 2895 1544 2970 Dei.
1594 2897 1686 2970 Cum
1703 2899 1748 2966 de
1772 2909 1911 2967 senecta
1926 2896 2055 2966 mundi
2070 2899 2267 2970 conciona-

1268 3016 1342 3089 tur,
1364 3002 1463 3072 iubet
1479 3002 1637 3094 precari,
1663 3023 1708 3070 ne
1728 2999 1835 3069 simul
1850 2998 2098 3091 opprimamur
2114 3002 2267 3071 venien·

1267 3103 1361 3176 tibus
1387 3105 1509 3190 malis,
1540 3119 1593 3190 et,
1626 3117 1668 3174 ut
1691 3125 1791 3172 mens
1816 3104 1860 3172 ad
1888 3101 2133 3193 precationem
2155 3105 2266 3196 magis

1266 3207 1459 3297 composita
1485 3207 1547 3292 sit,
1572 3207 1671 3277 iubet
1694 3200 1838 3286 cavere,¹
1864 3228 1910 3273 ne
1934 3205 2041 3272 corda
2064 3221 2262 3277 onerentur

1266 3310 1421 3400 crapula.
1477 3305 1581 3378 Hanc
1601 3307 1792 3379 salutarem
1813 3305 2109 3376 'admonitionem
2147 3323 2182 3378 et
2203 3305 2254 3376 hic

1266 3402 1383 3481 Oss‘us
1397 3411 1435 3480 in
1450 3411 1607 3481 carmine
1624 3433 1688 3480 suo
1706 3407 1845 3500 repetit.
1881 3406 1988 3498 Quod
2005 3422 2128 3478 autern
2148 3411 2179 3478 in
2194 3429 2247 3474 ce-

1267 3513 1401 3582 teribus
1416 3514 1576 3584 versibus
1592 3513 1761 3604 scriptum
1787 3523 1838 3580 est
1853 3511 1897 3581 de
1914 3511 2003 3581 urbe
2017 3507 2254 3604 Peloponnesi

1267 3611 1414 3700 Helide‚

1299 3789 1393 3867 Ἦλις
1407 3789 1457 3855 καὶ
1471 3787 1583 3873 μεθύει
1597 3789 1647 3855 seul
1660 3787 1825 3876 ψεύδεται,
1844 3786 1911 3866 οἶος
1924 3783 2057 3858 tadmor

1350 3872 1452 3963 clauc,
1472 3877 1542 3960 τοίη
1556 3874 1596 3961 δὴ
1614 3879 1664 3942 aul
1681 3872 1845 3954 ξυιᾶιιασα
1857 3872 1963 3962 πόλις,

1204 4114 1212 4124 ,
1266 4033 1325 4120 id,
1362 4029 1599 4127 prohdolor,
1630 4032 1670 4102 in
1698 4035 1821 4104 multis
1848 4034 1936 4104 locis
1961 4033 2011 4106 fit.
2066 4029 2271 4126 Prophana

219 4253 286 4329 No.
301 4252 416 4330 5764.

228 4355 451 4386 *m

1090 4261 1214 4348 sape.

1081 4355 1213 4388 Μ·

619 4457 818 4545 Lectori.

288 4613 425 4670 Praelatio
437 4613 582 4686 praemissa
594 4615 679 4670 ttbr0=
699 4613 773 4670 Libri
789 4617 845 4670 duo
861 4614 1017 4670 devitanda
1033 4615 1161 4672 ebrietate
1177 4649 1210 4661 -·
1236 4641 1240 4684 ι

321 4701 396 4738 nunc
416 4684 554 4738 emendati
575 4695 600 4738 et
621 4685 709 4751 aucti,
729 4695 800 4740 auct.
819 4689 992 4753 Hieronymo
1008 4685 1091 4754 osto,
1108 4687 1209 4742 Schlo·
1236 4690 1239 4748 i

321 4753 460 4806 teimensi.
496 4753 566 4807 Curn
584 4753 695 4826 praelat.
713 4755 988 4810 Ptttntetanrhonts.
1027 4753 1238 4830 thenitm

322 4819 511 4875 affic.Tlaom.
528 4823 610 4892 Klng.
626 4821 702 4878 1⁵55.
738 4823 915 4888 (llabsturiu
932 4823 1095 4878 bibliotheca
1105 4823 1208 4879 Norin—
1235 4835 1238 4867 Ι

322 4889 405 4959 berg,
430 4901 457 4942 et
476 4890 673 4961 praelationem
694 4891 760 4946 mihi
779 4893 920 4964 descripsit
940 4892 968 4946 S.
992 4894 1025 4947 V.
1047 4893 1208 4947 florueras.
1234 4918 1236 4930 =

322 4957 441 5011 Eandem
462 4961 541 5013 etiam
566 4961 730 5034 descriptam
754 4963 823 5016 :nihi
844 4961 917 5016 misit
936 4961 1009 5018 ctae.
1029 4962 1210 5033 Gersdotfius

318 5043 352 5082 ex
369 5025 433 5082 bibl.
446 5025 560 5096 Dresd.)

239 5175 415 5258 Candido
434 5179 586 5258 Lectori
608 5181 809 5288 Philippus
828 5185 1060 5262 Melanthea
1085 5191 1122 5266 S.
1137 5191 1182 5263 D.

213 5323 389 5414 Studium
405 5341 630 5438 Hieronymi
644 5336 733 5414 Osii
754 5371 835 5416 vere
857 5342 962 5418 ὅσιον
983 5338 1138 5436 dignum
1154 5359 1205 5414 est

211 5443 333 5530 laude,
358 5445 486 5539 quide
511 5449 655 5518 vitanda
674 5444 854 5523 Ebrietate
879 5471 1022 5520 carmen
1042 5461 1202 5520 accurate

1265 4137 1458 4206 multitudo
1475 4137 1591 4206 ventri
1605 4136 1722 4206 dedita
1739 4129 1873 4229 μεθύει
1888 4130 1951 4208 καὶ
1966 4127 2149 4230 ψεύδεται
2164 4139 2271 4210 ebria

1267 4253 1300 4309 et
1317 4262 1455 4323 secura,
1482 4239 1677 4309 delectatur
1697 4237 1795 4308 salsis
1818 4239 2068 4330 opinionibus,
2094 4261 2162 4309 nec
2189 4255 2273 4313 stu·

1266 4343 1327 4410 det
1349 4355 1443 4410 recte
1458 4339 1574 4411 Deum
1602 4341 1790 4422 invocare,
1816 4364 1883 4411 nec
1904 4339 2043 4412 moneri
2056 4363 2093 4408 se
2112 4343 2270 4431 patitur.

1265 4439 1332 4512 His
1359 4444 1510 4534 publicis
1524 4442 1627 4512 malis
1640 4443 1739 4514 nulla
1754 4443 1823 4516 iam
1844 4443 1991 4514 consilia
2005 4437 2167 4512 humana
2189 4469 2272 4516 me-

1265 4545 1341 4613 deri
1363 4559 1529 4636 possunt,
1564 4547 1624 4615 sed
1649 4545 1699 4636 pii
1722 4545 1871 4616 coeleste
1891 4545 2063 4616 auxilium
2085 4557 2118 4616 et
2135 4560 2272 4636 petant

1264 4661 1299 4716 et
1315 4661 1505 4738 expectent,
1524 4661 1557 4717 et
1572 4671 1635 4716 suo
1652 4647 1730 4716 loco
1747 4647 1880 4738 singuli
1895 4671 1968 4717 sese
1984 4648 2208 4719 exsuscitent
2222 4651 2271 4720 ad

1263 4773 1383 4818 curam
1397 4749 1630 4842 inquirendae
1654 4747 1828 4834 veritatis,
1854 4763 1895 4820 ut
1911 4762 2004 4820 recte
2016 4745 2136 4818 Deum
2156 4752 2270 4822 invo-

1262 4877 1341 4922 care
1365 4853 1511 4944 possint.
1562 4849 1660 4922 Bene
1685 4852 1763 4922 vale
1788 4851 1938 4923 candide
1949 4849 2092 4926 Lector.
2145 4851 2270 4926 Nonis

1262 4949 1416 5046 Aprilis,
1442 4979 1537 5024 anno
1553 4951 1606 5028 M.
1620 4949 1666 5025 D.
1682 4949 1760 5030 LV.
