4814 6172
227 255 305 332 stt
802 239 1241 324 EPISTOLARUM
1292 241 1402 326 uls.
1431 242 1517 326 ΧΠ.
1565 242 1701 324 lidi·
2185 253 2266 330 dl!

239 421 396 500 ordinati
426 418 645 503 ministerio,
694 433 729 494 et
763 417 870 491 iaciat
910 429 954 490 nt
985 417 1033 490 sit
1063 418 1224 492 salutare.
1276 438 1342 507 ego
1364 414 1722 504 istuc'scccssissern,
1753 415 1817 490 sed
1837 412 2023 498 hodiene
2045 422 2178 497 resima
2202 426 2271 496 de.

238 527 360 621 lpsum
384 524 489 596 ctiam
512 517 701 596 Andriam
724 511 943 596 Galbanum
975 535 1011 591 ct
1031 519 1225 592 Ecclesiam
1275 516 1456 611 sponsatio
1469 512 1661 590 Iohannis
1675 512 1856 608 Lethaei,
1879 545 1945 594 nec
1959 536 2118 615 poteram
2137 520 2269 596 habere

239 653 339 700 suam
353 621 558 710 hortamur,
577 635 618 695 ut
634 623 815 696 doctrinae
829 623 1022 714 puritatem
1038 621 1226 694 retineant.
1274 620 1455 708 aurigam,
1489 645 1570 692 cum
1597 621 1746 714 plurimi
1771 623 1844 694 iam
1874 626 1922 700 ad
1953 639 2149 698 mercatum
2169 623 2271 698 Nao-

239 728 333 800 Vere
358 728 453 798 cuim
480 727 533 796 ibi
556 739 608 796 est
628 721 784 798 Ecclesia
805 722 895 811 Dei,
927 725 992 796 ubi
1023 738 1138 795 sonat·
1156 747 1226 792 vox
1276 721 1487 811 burgensem
1518 723 1797 814 proficiscantur.
1861 721 1916 798 Tc
1947 749 2097 819 quaeso,
2128 740 2171 798 ut
2201 724 2270 800 hos

239 827 428 920 Evangelii
444 829 668 918 incorrupta,
694 849 776 896 vere
792 826 845 896 ibi
862 825 923 897 dat
936 821 1032 896 Deus
1047 839 1225 896 aeternam
1276 816 1432 914 hospites
1453 823 1508 894 tui
1528 823 1810 912 amantissimos,-
1839 819 2000 918 crcipias.
2058 825 2179 900 Hodie
2202 855 2272 902 au

240 932 416 1004 iusticiam
436 943 472 1002 et
492 929 618 1013 vitam,
649 950 731 998 vere
755 925 897 999 exaudit
920 942 956 999 ct
975 928 1147 1017 gubernat
1168 925 1225 1002 in·
1276 924 1351 994 divi
1366 917 1608 996 Moschionis
1622 919 1770 996 Atheni
1781 929 1972 1000 exercitum
1986 951 2060 1000 esse
2072 929 2111 998 in
2127 932 2272 1002 ditione

241 1047 406 1106 vocantes
437 1031 572 1124 ipsum,
602 1029 741 1119 mitigat
763 1029 871 1100 etiam
901 1051 1088 1100 aerumnas
1118 1021 1225 1098 huius
1276 1023 1530 1096 Brunsvicensi
1535 1077 1548 1113 ,
1576 1041 1611 1096 et
1628 1050 1774 1118 magnas
1788 1028 2003 1102 vastationes
2020 1032 2145 1104 iacere.
2186 1029 2271 1104 Oro
2338 1069 2347 1082 ·

241 1137 353 1222 vitas,
386 1147 420 1205 et
452 1133 491 1201 in
519 1130 572 1203 ira
604 1131 813 1201 recordatur
842 1128 1104 1201 misericordiae
1132 1151 1226 1198 suae.
1275 1127 1387 1197 filium
1403 1128 1530 1212 dei,ut
1545 1129 1814 1222 leniatpoenaa.
1847 1127 1946 1202 Bene
1960 1131 2038 1202 vale
2055 1145 2089 1203 ct
2101 1135 2273 1212 rescribe.

242 1235 363 1326 Quare
384 1234 520 1327 inquit:
554 1230 594 1304 si
620 1232 820 1302 manseritis
843 1230 882 1300 in
898 1255 954 1302 me
971 1245 1006 1302 et
1021 1233 1128 1301 verba
1148 1253 1225 1298 mea
1276 1227 1467 1304 dieXXV.
1481 1226 1588 1304 lunii.

214 1405 217 1411 Δ
240 1337 281 1407 in
297 1335 398 1407 vobis
412 1333 625 1419 manserint,
649 1333 825 1427 quidquid
840 1332 1025 1404 volueritis
1047 1332 1171 1424 petetis
1192 1343 1226 1400 et
1767 1375 1770 1382 -
2012 1343 2221 1444 Philippu,

240 1440 302 1510 liet
315 1437 429 1508 vobis.
479 1433 675 1506 Hortamur
690 1435 795 1504 etiam
809 1457 887 1516 cos,
908 1447 949 1506 ut
966 1434 1036 1506 sint
1053 1456 1225 1504 memores

240 1538 417 1632 praecepti
444 1537 581 1616 divini,
612 1538 659 1606 de
688 1535 939 1606 coniunctione
968 1547 1004 1606 et
1035 1535 1224 1608 concordia

240 1665 322 1712 cum
336 1639 416 1710 aliis
430 1636 600 1709 Ecclesiis
615 1650 708 1707 recte
725 1637 959 1708 sentientibus
980 1640 1131 1721 tuenda,
1157 1637 1226 1705 sic-

238 1756 281 1814 ut
294 1743 465 1834 scriptum
480 1754 549 1811 est:
585 1733 606 1810 ὅ
621 1734 710 1819 θεὸς
724 1730 850 1835 ἀγάπη
867 1737 961 1824 ἐστι,
987 1733 1083 1810 καὶὸ
1099 1733 1226 1830 aaron
1276 1737 1341 1812 No.
1356 1733 1468 1812 56³2.
1960 1754 2019 1823 25,
2034 1749 2107 1818 Iun.
2136 1753 2187 1835 (h,
2202 1757 2272 1856 gp)

239 1843 281 1916 ἐν
311 1847 359 1937 τῇ
391 1834 519 1941 ἀγάπῃ
525 1891 538 1928 ,
571 1839 613 1913 ἐν
634 1833 1043 1937 sussuranensis
1070 1834 1159 1920 θεὸς
1185 1839 1224 1912 ἐν
1281 1831 1492 1874 Μ
1975 1848 2251 1887 *ov-u

127 1943 131 1952 ’
237 1941 353 2040 αὐτῷ.
1181 1997 1187 2006 .

339 2043 450 2116 Datne
471 2043 705 2134 Witebergae
731 2039 840 2114 Anno
871 2039 985 2121 1564.
1042 2041 1112 2116 Die
1136 2046 1224 2116 festo

238 2143 411 2217 lobannis
426 2145 616 2240 Baptistae.

544 2246 669 2316 Pastor
708 2238 889 2315 Ecclesiae
920 2241 989 2316 Dei
1023 2244 1062 2314 in
1093 2243 1224 2336 oppido
1414 2315 1422 2335 ‚
1494 2319 1502 2338 ·

544 2345 718 2418 saxoniae
741 2344 994 2435 Witebergae,
1035 2361 1069 2418 Μ
1099 2345 1223 2416 caeleri
1276 2312 1445 2413 Egregia
1459 2331 1594 2418 pretate
1606 2333 1639 2396 et
1653 2322 1823 2398 doctrino
1838 2325 2030 2427 praedito,
2046 2329 2078 2404 I
2083 2329 2153 2408 ols.
2169 2335 2210 2408 Α
2215 2365 2273 2408 m-

549 2446 705 2519 mqnqmi
728 2442 917 2538 Evangelii
943 2447 983 2516 qn
1008 2449 1130 2518 eadem
1147 2443 1227 2520 Ἐς,
1274 2416 1559 2508 sterodamo,
1587 2422 1730 2500 docenti
1748 2427 2002 2526 Evangeliem
2025 2433 2066 2506 in
2089 2434 2273 2513 Ecclesia

548 2549 664 2618 elegia,
1448 2517 2098 2612 Bremansi,amieosuocarissi1no

477 2643 658 2720 lohannes
675 2643 918 2741 Bugenhagen
934 2644 1064 2722 Pomer
1078 2645 1125 2720 D·
1275 2649 1324 2740 S.
1348 2663 1393 2742 D.
1443 2668 1488 2746 N.
1504 2685 1658 2745 veterem
1681 2680 1852 2766 amicum,
1870 2681 1990 2754 virum
2013 2687 2203 2778 prudentia
2233 2705 2271 2764 et

509 2819 513 2828 ,
598 2801 632 2876 1.
658 2795 820 2878 Timoth·
843 2799 881 2880 4.
1273 2767 1403 2942 giqqqte
1419 2771 1775 2894 'eximiapraeditum
1796 2781 1930 2953 ingitus
1953 2797 2026 2854 tarn
2039 2788 2103 2857 cito
2124 2789 2266 2868 dimisi.

1302 2893 1320 2939 e
1374 2895 1430 2943 rur
1445 2889 1576 2948 nostns
1590 2879 1755 2952 amicitiis
1770 2883 1810 2952 in
1853 2908 1892 2954 ac
1908 2886 1943 2954 vi

1273 2993 1413 3054 sumus,
1435 2975 1596 3049 fruemur
1608 2983 1714 3072 paolo
1730 2998 1810 3076 post
1823 2987 1918 3078 apud
1933 2899 2272 3076 Eltdldlhdreffrlpihz

1273 3073 1366 3159 Dei,
1397 3073 1437 3144 in
1459 3083 1715 3154 consuetudine
1742 3081 1995 3178 prophetarum
2019 3105 2055 3164 et
2080 3098 2271 3184 apostolo-

1272 3199 1351 3244 rum
1360 3226 1372 3261 ,
1394 3199 1484 3269 quos
1498 3183 1654 3272 prolecto
1669 3209 1744 3257 non
1759 3188 1854 3258 visos
1872 3201 1991 3260 tamen
2014 3195 2270 3269 ardentissime

1273 3275 1393 3366 diligo.
1444 3277 1592 3355 lnterim
1612 3309 1716 3372 vero,
1731 3289 1816 3358 dum
1833 3289 1871 3358 in
1888 3286 1954 3362 hac
1969 3293 2100 3366 militia
2117 3321 2193 3369 una
2206 3323 2264 3368 su·

1540 1937 1608 2028 Io.
1638 1938 2012 2034 Anraterodomo.

1343 2091 1530 2219 Ῠξὲιιιῖῗμ
1542 2096 1570 2152 in
1583 2099 1648 2156 cod.
1662 2096 1749 2155 Goth.
1762 2100 1824 2164 189.
1843 2121 1892 2159 no.
1913 2103 1959 2160 ⁸9.
1977 2115 2005 2162 st
2024 2106 2090 2164 eod.
2106 2109 2194 2168 osus
2210 2111 2264 2166 lss.

350 2930 505 3008 Attende
527 2935 691 3024 lectioni,
715 2932 959 3010 adhortationi
981 2950 1016 3010 et
1031 2935 1223 3010 doctrinae.

286 3037 340 3110 Ne
360 3040 515 3128 negligas
538 3041 692 3124 donum,
715 3039 812 3133 quod
831 3037 871 3110 io
893 3052 929 3112 te
944 3051 1015 3124 est,
1040 3043 1135 3133 quod
1158 3041 1223 3111 da-

288 3153 365 3210 tum
389 3154 441 3211 est
463 3140 530 3212 tibi
557 3165 621 3232 per
643 3136 870 3233 prophetiam
892 3163 975 3214 cum
996 3141 1223 3236 impositione

286 3265 457 3314 manuum
472 3255 591 3314 coetus
605 3243 797 3314 seniorum.

657 3339 838 3516 {fllffmffi
851 3339 1037 3416 F⁰¹⁸t⁰¹¹¹⁸
1050 3337 1096 3419 D·
1273 3399 1369 3463 mus,
1392 3392 1557 3454 tucamur
1571 3409 1782 3459 consensum
1796 3406 1976 3478 nostrum,
1999 3395 2063 3488 qui
2080 3412 2178 3475 certe
2190 3399 2255 3469 nti

653 3538 723 3638 (1.
750 3540 813 3634 S.)
964 3537 1033 3639 (L.
1058 3537 1122 3637 S.)
1273 3477 1317 3549 ¹⁵⁸
1338 3475 1592 3562 ‘ffic‘l‘fiae-
1642 3485 1807 3562 Haneoh
1822 3497 2062 3584 cansamscis,
2086 3523 2149 3570 me
2173 3501 2258 3570 ami-

714 3643 751 3662 Η
1274 3579 1373 3650 citias
1404 3575 1545 3672 piorum
1568 3589 1756 3662 doctorum
1786 3593 1960 3684 singulari
1985 3599 2105 3670 studio
2134 3601 2263 3684 colere,

654 3638 845 3762 Ph¹¹¹Pl³¹¹⁵
861 3638 1085 3762 M⁰l³¹¹¹⁴h⁰fl
1274 3679 1367 3786 inter
1379 3705 1469 3775 quos
1483 3699 1517 3760 te
1532 3704 1677 3782 propter
1692 3694 1859 3766 eximium
1872 3709 1975 3768 tuum
1990 3701 2183 3772 candorem
2231 3719 2266 3776 et

654 3741 882 3816 S²b³⁸l¹³¹¹¹¹⁸
895 3737 1102 3819 K⁰⁸²¹¹²¹¹¹¹⁸
1118 3741 1173 3822 Μ’
1273 3781 1360 3852 alias
1383 3787 1538 3876 egregias
1566 3792 1677 3862 animi
1697 3795 1798 3866 dotes
1828 3795 1900 3867 iam
1933 3797 2021 3870 olim
2054 3758 2267 3897 complehm

1211 3929 1217 3939 .
1271 3905 1360 3955 sum.
1419 3883 1561 3960 Gratias
1586 3889 1662 3964 Deo
1691 3917 1854 3986 agamus,
1894 3901 1991 3994 qnod
2015 3903 2155 3997 aliquas
2185 3929 2266 3978 ser-

1271 3997 1329 4054 vet
1343 3977 1381 4079 *)
1415 3981 1591 4064 Ecclesiae
1616 3995 1785 4090 reliquias
1816 4013 1851 4072 et
1878 4001 2037 4077 reddidit
2062 4005 2182 4076 lucem
2208 4009 2268 4080 sni

1271 4081 1469 4175 Evangelii.
1523 4090 1643 4178 Hanc,
1668 4111 1709 4168 ut
1731 4100 1965 4185 retineamus,
1995 4117 2031 4175 et
2055 4111 2270 4180 communi·

656 3843 772 3918 Lucas
788 3841 947 3918 Heecrus
961 3843 1015 3917 M.

245 4249 302 4320 No
332 4246 431 4326 5631
1063 4255 1110 4322 Μ
1140 4249 1198 4318 Iun
1272 4187 1337 4256 bus
1353 4211 1418 4258 nos
1432 4192 1525 4262 votis
1539 4207 1574 4266 et
1594 4197 1739 4269 caeteris
1763 4201 1888 4273 officiis
1903 4202 2114 4293 invitemus,
2142 4209 2270 4284 sicubi

237 4301 449 4386 „224
1049 4295 1220 4373 ..μζ
1270 4289 1621 4377 prodesscEcclesiae
1636 4322 1833 4391 possumus.
1863 4299 1913 4375 Et
1928 4329 2132 4405 quanquam
2148 4335 2272 4384 mun-

900 4447 909 4470 ,
1268 4389 1335 4457 dus
1350 4391 1510 4487 undique
1523 4401 1743 4487 concutitur,
1763 4417 1882 4474 umen
1894 4401 1973 4475 Deo
1988 4431 2091 4479 curae
2107 4413 2180 4484 erit
2196 4439 2270 4490 sua

486 4448 640 4535 ῙοαοῘι.
668 4445 949 4537 Germano.
1267 4485 1440 4577 Ecclesia,
1466 4519 1556 4588 quae
1570 4515 1663 4570 certe
1679 4525 1853 4596 nusquam
1869 4517 1940 4592 est,
1957 4508 2027 4578 nisi
2040 4509 2079 4578 in
2093 4533 2137 4581 eo
2153 4529 2271 4590 coetu

295 4575 582 4699 ttptstisacmsrsr.
599 4625 697 4700 μω,
715 4625 773 4696 (gg
787 4623 878 4684 tona
895 4623 943 4681 gg
958 4621 1005 4682 qv,
1023 4641 1066 4700 sp.
1080 4623 1165 4700 tta).
1267 4613 1354 4679 pura
1369 4617 1438 4664 ror
1453 4592 1640 4690 Evangelii
1662 4617 1775 4675 sonat.
1824 4603 1922 4676 Bene
1937 4609 2027 4680 vale.
2074 4593 2270 4692 Postridie

1264 4691 1344 4762 sesti
1378 4690 1429 4766 lo.
1465 4693 1663 4792 Baptistae,
1694 4705 1847 4798 collegae
1881 4709 1996 4780 nostri
2030 4709 2072 4781 in
2103 4737 2270 4793 muner:

227 4790 451 4873 Clarissimo
469 4797 547 4870 viro
571 4793 773 4872 eruditione
796 4807 828 4868 et
850 4793 981 4872 virtute
1004 4793 1217 4896 praestanti
1263 4786 1478 4884 evangelico.
1627 4858 1634 4877 .

260 4893 506 4971 Ioaettmo
532 4895 805 4972 Camerario
821 4897 950 4998 fratri
962 4921 1032 4970 sno
1049 4897 1179 4977 cariss.
1950 4933 2045 5012 Phil,
2061 4939 2209 5030 Melan·

226 5033 274 5124 S.
298 5048 345 5122 D.
394 5048 480 5122 Post
500 5065 602 5124 tunm
632 5052 700 5124 iter
733 5053 954 5124 advenerunt
981 5049 1051 5122 riri
1082 5051 1210 5143 optimi
1262 5069 1472 5097 -·--·

224 5145 460 5224 Matthesius
474 5167 507 5226 ct
523 5145 692 5250 Cespar,
718 5155 781 5250 qui
793 5165 932 5243 praeest
949 5146 1090 5226 scholae
1110 5151 1208 5224 liscs-
1290 5161 1322 5234 ⁸)
1341 5163 1461 5220 suess?
1493 5162 1621 5224 ronan
1631 5177 1740 5228 mose.

221 5254 336 5326 rariae
346 5255 385 5326 in
400 5255 493 5328 valle
508 5251 739 5342 loachimica,
758 5256 889 5351 quibus
902 5255 1053 5326 maxims
1066 5267 1204 5345 gratum

217 5353 361 5443 fuisset,
394 5352 453 5429 hic
482 5358 670 5432 uobiscum
697 5370 878 5454 utrunque
896 5355 1099 5451 complecti.
1154 5351 1204 5430 Et
