4814 6172
228 255 303 332 iil

244 427 310 498 No.
335 421 447 502 5589.

240 523 462 558 m

1091 445 1122 506 l·
1138 435 1223 502 ituit.

1094 531 1215 554 Μ

550 631 671 720 Cael.
703 631 906 721 Curioni.

301 809 339 863 Es
353 809 521 880 autographo
538 809 662 867 biblioth.
677 809 757 868 Brsil.
770 813 840 866 edita
859 812 889 868 in
906 813 1064 868 Hummclii
1075 815 1162 874 aruc
1173 815 1223 874 le

336 882 427 948 tllstl).
448 893 499 938 ton
517 882 570 949 isit.
590 884 673 950 111111).
694 881 758 935 Vol.
772 881 820 937 lll.
838 902 865 954 p.
878 883 938 940 578.

230 1043 393 1123 Clariss.
430 1050 524 1132 viru,
559 1047 779 1141 eruditione,
810 1053 939 1126 virtuts
976 1065 1008 1126 et
1031 1051 1223 1156 facundia

228 1152 453 1250 praestanti,
485 1149 685 1227 Coelio
717 1153 931 1228 Secundo
963 1147 1224 1248 Curioni,

450 1255 570 1328 unrico
585 1283 653 1328 suu
669 1259 799 1331 curiss.
818 1256 1007 1331 Basileus.

228 1406 277 1494 S.
303 1417 348 1491 D.
399 1421 484 1512 Legi
512 1424 796 1506 enarrationem,
823 1451 928 1520 quam
948 1429 1089 1498 edidisti
1116 1429 1154 1497 in
1178 1429 1225 1498 li-

227 1523 334 1594 brum
354 1520 557 1610 Ciceronis,
590 1551 695 1618 quem
717 1531 761 1596 de
787 1529 875 1598 locis
898 1530 1089 1602 dialecticis
1106 1528 1151 1624 ¹),
1185 1545 1225 1602 ut

227 1626 473 1712 nominamus,
506 1627 679 1712 breviter,
711 1643 752 1700 ut
774 1627 959 1702 Romanus
989 1632 1158 1718 Senator,
1191 1645 1226 1703 et

228 1726 299 1796 iarn
317 1747 421 1798 senex
436 1729 597 1820 scripsit,
623 1743 658 1800 et
672 1731 862 1802 consilium
879 1747 980 1804 tuum
995 1759 1035 1804 ac
1057 1735 1225 1806 lucubra-

227 1829 361 1900 tionem
376 1829 489 1921 ipsam
504 1832 608 1902 valde
626 1834 750 1923 probo.
802 1832 892 1904 Nam
909 1849 944 1906 et
959 1837 1089 1906 invitas
1103 1837 1224 1908 iunio-

226 1953 284 2000 res
299 1933 345 2002 ad
361 1933 603 2002 doctrinarum
617 1935 732 2004 fontes
748 1951 782 2008 et
799 1937 1009 2008 discentium
1027 1943 1144 2010 studia
1160 1942 1223 2010 ad-

228 2032 340 2104 iuvas.
399 2033 452 2104 Ac
468 2051 509 2108 ut
525 2035 749 2108 dulcissimus
763 2042 868 2129 poe'ta
885 2041 1020 2134 inquit:

335 2177 402 2244 ἀλλ’
427 2176 463 2244 ob
490 2177 642 2264 cundia?
662 2181 726 2247 luri
750 2179 962 2268 κυνόσβατος,
984 2184 1052 2252 οὐδ’

333 2261 491 2349 liventina
513 2265 593 2352 πρὸς
615 2263 707 2354 bidos
720 2271 763 2350 ²).

229 2407 278 2475 ita
303 2419 361 2476 tua
388 2406 564 2476 enarratio
588 2429 711 2475 omnes
734 2405 1045 2498 interpretationes
1062 2410 1149 2480 alias
1165 2435 1224 2482 su-

228 2521 340 2598 perat.
392 2504 492 2576 Meas
516 2531 599 2576 vero
628 2507 779 2598 ineptias
804 2534 850 2578 ne
871 2511 979 2578 inseri
1000 2511 1143 2603 quidem
1163 2539 1223 2583 ve·

229 2611 296 2679 lim
316 2614 465 2680 numero
489 2608 842 2699 interpretationum,
878 2635 965 2704 quas
991 2611 1135 2704 quidem
1160 2639 1225 2686 nec

229 2711 354 2802 scripsi
368 2735 433 2779 nec
449 2710 554 2779 edidi.
608 2709 678 2780 Sed
695 2724 874 2804 utcunque
894 2727 1054 2804 exceptas
1077 2739 1226 2807 apogra-

230 2807 318 2904 phas
342 2812 459 2881 nescio
488 2811 567 2904 quis
592 2811 719 2896 edidit,
752 2827 791 2882 ut
810 2837 904 2883 nunc
928 2817 1039 2886 multa
1065 2820 1140 2887 sine
1164 2822 1226 2888 de-

230 2915 325 2984 lectu
341 2927 567 3005 sparguntur.
620 2911 688 2984 Sed
708 2914 751 2982 de
767 2910 823 2984 his
838 2940 956 2986 coram
972 2919 1176 3013 aliquando.

334 3109 439 3181 Nunc
456 3108 523 3178 tibi
540 3103 838 3180 huncBasilium
854 3107 1069 3184 Trcsiniunr
1085 3114 1225 3189 Ruthe-

232 3238 338 3298 num,
364 3207 553 3282 honestum
572 3210 688 3280 virum
707 3213 795 3282 etin
819 3217 952 3286 familia
970 3220 1084 3288 nobili
1102 3233 1224 3288 natum

232 3313 461 3400 recantando,
482 3311 600 3405 quiin
622 3313 702 3382 aula
718 3311 827 3404 Regis
845 3315 1003 3388 Polonici
1021 3321 1107 3390 vixit
1132 3321 1226 3390 inter

233 3415 363 3487 scribas
381 3410 603 3484 Ruthenicae
627 3415 769 3504 linguae
790 3439 929 3507 gnaros.
988 3419 1226 3493 proficiscitur

233 3519 341 3600 istuc,
368 3527 461 3583 ulte
484 3515 606 3584 audiat
626 3519 720 3586 etde
744 3531 805 3587 tuo
825 3519 957 3590 iudicio
974 3523 1126 3592 surmate
1145 3550 1226 3594 ora-

233 3619 366 3690 tionem
385 3615 507 3687 discat.
559 3613 643 3686 Fuit
658 3619 844 3689 familiaris
859 3623 994 3712 optimu
1013 3627 1089 3694 viro
1110 3627 1148 3693 in
1168 3625 1227 3698 Si-

233 3719 320 3790 lesia
342 3711 381 3786 T
381 3709 592 3808 rucedorfi03
628 3731 746 3810 postea
769 3722 952 3794 nobiscnm
978 3727 1084 3812 vixit,
1116 3729 1163 3798 ita
1187 3742 1227 3799 ut

233 3819 424 3904 iustitiam,
451 3832 491 3888 ut
506 3821 713 3890 modestiam
730 3823 806 3893 eius
830 3827 1030 3916 probemus.
1082 3825 1131 3898 Et
1150 3831 1227 3916 scis,

235 3919 412 3994 contineri
427 3932 578 3990 caeteras
596 3922 744 3994 virtutes
760 3926 914 3997 iustitiae
931 3955 1061 4004 amore.
1107 3930 1226 4020 Quare

237 4025 268 4094 ei
295 4023 430 4095 tribues
458 4047 497 4090 ea
520 4023 653 4107 officia,
693 4052 785 4118 quae
812 4030 978 4100 studiosis
1004 4033 1227 4104 auditoribus

235 4149 361 4218 magna
379 4148 459 4195 curn
475 4123 579 4193 laude
597 4151 614 4192 a
630 4141 663 4196 te
678 4129 897 4204 tribuuntur.
950 4126 1124 4219 Gelenio,
1149 4135 1226 4206 viro

235 4229 372 4322 optimo
388 4241 419 4294 ct
437 4227 537 4294 vobis
553 4229 719 4298 omnibus
734 4231 882 4302 salutem
900 4247 996 4326 opto.
1033 4229 1184 4306 Lelium
1201 4234 1228 4332 ³)

237 4331 345 4399 audio
362 4329 403 4396 ad
421 4313 624 4396 Calvinum
638 4333 833 4421 profectum
855 4357 939 4420 esse,
969 4340 1012 4406 dc
1029 4364 1098 4430 quo
1114 4341 1228 4434 siqua

238 4431 306 4500 erit
321 4429 458 4500 occasio
476 4432 521 4498 ad
538 4454 603 4500 rios
618 4433 773 4504 scribito.
813 4431 909 4504 Bene
928 4453 961 4508 et
976 4439 1125 4510 feliciter
1141 4443 1228 4514 vale.

238 4532 313 4604 Cal.
328 4529 416 4602 Maii
435 4527 545 4607 1554,

242 4771 433 4782 m

834 4633 928 4711 Phil.
955 4637 1179 4720 Melanthum

275 4919 302 4984 1)
318 4915 426 5040 &aba
440 4917 569 4971 Curionis
595 4916 623 4970 in
647 4915 708 4978 cie.
731 4922 821 4992 topica
846 4923 1048 4995 explicationes.
1076 4957 1105 4968 -
1149 4931 1232 4989 Basil.

276 5089 305 5152 2)
323 5085 463 5142 Theocrit.
482 5087 560 5157 ttytt.
578 5089 611 5157 V,
631 5089 689 5160 92,
709 5094 754 5147 ubi
772 5107 861 5150 satem
882 5099 979 5168 legitur
998 5101 1067 5174 πρὸς
1084 5099 1165 5174 ῥόδα.

277 5190 304 5255 8)
324 5187 430 5242 Laelius
448 5185 575 5241 Socinus.

812 253 1251 334 EPISTOLARUM
1301 259 1519 344 LlB.Xll.
1572 265 1702 344 1⁶54.

1288 433 1356 510 No.
1371 431 1485 511 5590.

1281 530 1495 574 w„

1609 615 1740 729 (upa.
1768 617 1939 730 craso.)

1379 773 1480 830 Manlii
1498 773 1598 850 iarrsg.
1617 795 1645 850 p.
1660 777 1742 835 18111.

1274 905 1488 985 Reverendo
1505 911 1601 1002 viro,
1622 905 1830 989 'eruditione
1847 928 1879 988 ct
1898 919 2028 994 uirtute
2046 930 2276 1022 praestanti,

1274 1011 1330 1091 D.
1352 1011 1403 1088 N.
1424 1011 1475 1090 N.
1502 1011 1695 1116 [Lybio,
1719 1027 1876 1111 adscripsit
1891 1027 2074 1097 Buohlsoltz.
2121 1033 2278 1126 pastori

1277 1115 1467 1190 Ecclesiae
1491 1117 1531 1188 in
1556 1119 1665 1190 veteri
1691 1119 1777 1192 urbe
1802 1121 1951 1197 Brenni
1964 1121 2021 1224 ‘),
2052 1025 2182 1228 iratri
2202 1159 2277 1207 suo

1415 1211 1418 1218 ’
1535 1289 1539 1298 ,
1656 1217 1890 1313 charissimo,

1276 1334 1324 1422 S.
1341 1347 1384 1420 D.
1420 1349 1631 1424 Reverende
1646 1357 1713 1444 vir,
1739 1372 1775 1430 et
1790 1355 1994 1432 charissime
2008 1365 2124 1436 trater.
2158 1366 2275 1462 Apud

1275 1447 1552 1544 Xenophontem
1572 1459 1776 1530 dulcissima
1799 1477 1851 1532 est
1876 1466 2033 1536 narratio
2053 1469 2098 1538 de
2121 1468 2276 1564 Hippia,

1276 1555 1338 1646 qui
1356 1579 1435 1624 cum
1459 1581 1500 1626 ex
1523 1558 1631 1648 longo
1656 1561 1843 1633 intervallo
1860 1561 2019 1636 Athenas
2035 1593 2201 1642 reversus
2219 1599 2275 1646 es-

1276 1669 1347 1741 set,
1373 1659 1581 1752 audiretque
1605 1661 1786 1734 Socratem
1807 1669 1927 1735 eadem
1952 1671 2138 1741 docentem
2154 1697 2197 1744 ac
2218 1703 2275 1748 re-

1278 1772 1453 1850 petentem
1478 1787 1568 1855 quae
1593 1767 1785 1837 tradiderat
1807 1783 1888 1838 ante
1905 1771 2036 1840 mirltos
2051 1764 2183 1845 annos:
2212 1783 2275 1849 de-

1277 1861 1369 1930 ridet
1393 1885 1493 1947 eum,
1527 1888 1567 1934 ac
1590 1889 1665 1936 sese
1690 1869 1789 1940 effert
1820 1871 2020 1960 magnifice,
2053 1901 2093 1944 ac
2119 1878 2212 1950 dicit
2235 1907 2271 1951 se

1276 1963 1427 2032 subinde
1443 1987 1534 2035 nova
1551 1969 1764 2059 excogitare,
1790 1997 1868 2040 cum
1889 1972 2049 2044 Socrates
2066 1979 2219 2050 fateatur
2229 2007 2263 2051 se

1275 2058 1442 2135 τὰαύτὰ
1467 2063 1550 2160 περὶ
1575 2074 1651 2142 τῶν
1674 2067 1800 2144 αὐτῶν
1823 2074 1949 2148 dicere.
2009 2074 2189 2151 Fortassis
2215 2110 2267 2155 me

1277 2165 1419 2258 qnoque
1437 2170 1540 2239 multi
1563 2171 1747 2254 derident,
1773 2177 1894 2244 eadem
1919 2193 2147 2268 repetentem.
2203 2183 2272 2256 Sed

1276 2263 1344 2336 hoc
1359 2282 1445 2357 puto
1461 2272 1589 2341 rectius
1606 2296 1696 2344 esse:
1724 2291 1758 2346 et
1773 2277 1925 2368 optarim
1947 2303 2013 2349 nos
2031 2285 2165 2374 optima
2189 2313 2274 2378 pro·

1277 2369 1463 2458 priissimis
1490 2374 1625 2461 verbis,
1664 2378 1867 2470 etquidem
1899 2379 2024 2456 iisdem
2054 2385 2205 2478 syllabis
2236 2393 2277 2460 in

1276 2467 1432 2540 Ecclesia
1449 2496 1587 2546 sonare.
1637 2475 1763 2550 Vestra
1780 2480 1910 2550 iudicia
1927 2482 1999 2552 scio
2016 2489 2167 2559 candida
2186 2515 2278 2564 esse.

1278 2569 1362 2642 ldeo
1384 2575 1539 2663 pagellas
1567 2578 1747 2669 proximae
1770 2579 2029 2674 Disputationis
2057 2590 2159 2658 vobis
2185 2596 2304 2666 mit-⁸

1278 2688 1314 2744 to
1329 2665 1400 2769 Μ).
1441 2674 1582 2764 Quaeso
1598 2680 1723 2763 etiam,
1750 2697 1790 2754 ut
1804 2679 1892 2754 mihi
1907 2711 2004 2756 cures
2019 2689 2085 2755 emi
2095 2743 2104 2771 ,
2128 2703 2164 2760 et
2180 2696 2278 2765 mit-

1277 2791 1328 2846 tas
1344 2777 1495 2864 cultros,
1521 2782 1642 2874 quales
1658 2799 1759 2854 antea
1778 2787 1922 2856 misisti:
1948 2813 2032 2884 quos
2045 2804 2163 2882 expeto
2182 2785 2273 2863 Cu-

1277 2877 1432 2947 mcrurii
1451 2905 1573 2968 causa,
1603 2898 1637 2954 et
1653 2888 1810 2978 precium
1831 2889 1945 2962 mitto.
1995 2889 2047 2962 De
2064 2893 2164 2963 bellis
2187 2919 2275 2967 non

1277 2981 1365 3051 libet
1380 2981 1551 3053 scribere:
1579 3001 1752 3076 vagantur
1768 3014 1901 3081 poenae
1926 3015 1988 3082 per
2010 3016 2118 3084 genus
2137 2989 2279 3071 huma·
2391 3009 2394 3018 '

1277 3107 1384 3169 num,
1415 3098 1450 3154 et
1474 3082 1679 3158 Germanici
1703 3091 1843 3182 imperii
1869 3094 2036 3184 periodus
2059 3097 2278 3174 circumacta

1277 3198 1340 3258 est.
1391 3181 1547 3256 Oremns
1575 3187 1708 3260 Filium
1734 3192 1818 3279 Dei,
1851 3209 1891 3266 ut
1915 3221 2046 3286 poenas
2075 3199 2208 3288 leniat,
2243 3219 2276 3275 et

1277 3301 1390 3357 servet
1415 3283 1631 3374 Ecclesiam,
1672 3308 1706 3364 et
1740 3297 1858 3389 aliqua
1894 3294 2073 3370 Ecclesiae
2108 3297 2268 3398 hospitia.

1279 3385 1488 3472 benevale,
1515 3406 1548 3462 et
1567 3395 1730 3471 rescribe.
1781 3396 1949 3470 Calendis
1963 3399 2066 3475 Maii.

1785 3496 1973 3593 Philippus
1996 3501 2224 3578 Melanthum

1278 3825 1343 3897 No.
1363 3825 1475 3901 5591.

1286 3924 1458 3953 Μ

2144 3851 2281 3922 cum

1484 3997 1742 4112 (Nobilibus
1763 4007 2066 4123 quibusdum.)
2131 3944 2281 3973 Μ

1348 4149 1426 4206 Edita
1445 4175 1458 4208 a
1478 4155 1519 4208 Cl.
1538 4157 1763 4212 Foerstemonna
1781 4161 1808 4214 in
1828 4165 1874 4219 ben
1893 4164 1983 4224 &curn
1999 4171 2209 4246 fflllttbtlluuflsu
2230 4187 2285 4241 ant

1381 4227 1434 4279 tem
1467 4226 1559 4280 <trita
1587 4225 1942 4300 ilberticisonttauccttmcc
1966 4237 2141 4309 &arimannis
2177 4247 2284 4322 (bats,

1384 4291 1475 4373 ‚¹⁸⁸4d
1490 4293 1558 4374 tot.
1571 4297 1593 4348 1.
1614 4304 1653 4416 pp.
1668 4300 1693 4349 t.
1720 4313 1746 4366 p.
1760 4301 1819 4365 56„
1845 4319 1880 4354 ex
1899 4304 2083 4364 Melanthoais
2100 4319 2287 4385 autographa

1383 4380 1412 4413 sn
1431 4362 1595 4418 bibliotheca
1642 4363 1721 4418 obrlrs
1739 4387 1753 4418 a
1773 4369 1928 4443 Periclen,
1947 4373 2019 4428 ltalia
2035 4376 2134 4432 Suon.
2156 4414 2194 4427 -
2234 4387 2285 4444 Ιῃ.

1383 4431 1495 4512 scriptio
1516 4433 1603 4514 periit.
1654 4433 1839 4520 Putatsutem
1859 4441 2101 4530 b'oerstemsnnus,
2130 4451 2286 4540 epistolam

1384 4509 1542 4636 'cittii
1559 4502 2284 4648 tibitibi,tibilitaffil'll'lffttt

1384 4633 1454 4688 heim
1474 4645 1502 4689 et
1521 4636 1655 4708 briania,
1677 4639 1811 4709 fratrum,
1836 4648 1882 4716 qui
1905 4666 1979 4702 anno
2000 4651 2075 4705 last.
2094 4657 2218 4715 nomina
2237 4683 2289 4719 aas

1387 4703 1459 4758 Albo
1476 4705 1639 4762 Academiae
1657 4705 1882 4784 Witeberpensis
1899 4715 2103 4790 inscripserunt.

1527 4837 1751 4940 (Nobilibus
1777 4848 2031 4954 quibusdam.)

1284 4957 1429 5056 (Sortes
1450 4973 1549 5047 anco
1582 4978 1671 5064 susa
1692 4977 1790 5069 tanen
1816 4981 2019 5076 singolorum
2042 4991 2148 5081 &aba
2165 4995 2293 5092 &etam

1284 5075 1448 5166 §britium
1469 5077 1581 5170 caieta
1596 5077 1737 5176 bellant
1759 5089 1823 5156 ont
1846 5086 2079 5185 mcbcbcftigcn
2094 5093 2214 5194 bellet
2235 5127 2295 5200 aaa

1321 5283 1350 5352 t)
1369 5282 1455 5338 Mani.
1476 5285 1592 5357 Bromi,
1609 5289 1749 5350 mendose.
1787 5291 1862 5349 Urbs
1876 5295 1978 5352 Brenni
1992 5313 2030 5356 est
2050 5303 2277 5387 brandanburg.

1321 5368 1544 5512 ”pelipspptsltpp
1560 5375 1634 5514 pipi.
1654 5375 1721 5431 Maii
1739 5377 1840 5438 habita
1877 5381 1941 5439 Vid.
1961 5385 2145 5447 Melanthonis
2166 5393 2302 5466 Quaest-
