4814 6172
139 261 215 338 tus

246 431 344 508 Setis
373 443 430 503 est
455 428 615 517 Pastori,
646 433 744 526 quod
773 433 817 502 ad
848 431 1089 504 ministerium
1115 444 1150 503 et

142 561 248 612 suam
271 533 561 608 iurisdictionem
589 533 732 621 attinet,
764 535 909 628 quaudo
939 535 1075 606 crimen
1097 547 1150 606 est

145 639 350 726 notorium,
374 637 572 708 admouere
587 659 707 723 reum,
730 649 764 708 et
779 637 809 706 si
826 660 901 708 nou
918 637 1148 732 obtemperet,

153 766 278 820 arcem
295 764 370 814 eum
391 738 700 826 acommuuioue,
725 751 761 812 et
774 737 932 814 indicare
953 763 1035 812 eum
1049 737 1145 814 Con·

158 845 304 922 sistoriu·
998 907 1003 914 .

252 963 349 1038 Sunt
361 960 512 1058 quidam
525 960 648 1054 cupidi
664 961 940 1048 dominationis,
961 977 1002 1036 ut
1023 974 1148 1059 tyran-

152 1069 222 1141 nici
244 1080 311 1140 aut
331 1063 516 1138 tribunitii
536 1061 718 1152 Pastores,
744 1064 807 1160 qui
826 1077 974 1138 sumunt
996 1064 1066 1138 sibi
1080 1090 1147 1158 po-

148 1185 325 1256 testatem,
350 1167 428 1238 sine
442 1165 600 1256 legitima
614 1165 828 1259 cognitione,
855 1167 942 1239 etin
956 1167 1062 1240 rebus
1077 1170 1146 1240 du-

142 1275 232 1358 biis,
259 1269 463 1346 damnandi
477 1264 656 1360 homines,
683 1286 717 1343 et
730 1291 832 1365 saepe
846 1270 994 1363 privatis
1011 1271 1147 1342 affecti-

140 1381 209 1450 bus
239 1375 507 1466 obtemperant.
565 1371 707 1446 Horum
736 1373 897 1470 tyrannis
920 1397 1145 1470 nequaquam

141 1478 396 1552 confirmanda
418 1487 488 1561 est,
514 1475 653 1546 etiamsi
676 1475 835 1548 fortassis
856 1476 1070 1569 negligentia
1093 1489 1146 1547 est

142 1587 180 1654 iu
195 1577 454 1664 consistoriis,
479 1591 601 1649 tamen
614 1574 852 1670 Evangelium
872 1604 949 1650 non
966 1593 1019 1652 est
1033 1579 1145 1651 muti-

141 1689 237 1774 lum,
262 1682 333 1757 ubi
347 1681 502 1752 fideliter
515 1682 617 1752 docet
631 1679 776 1764 Pastor,
802 1695 839 1753 et
858 1681 898 1752 in
912 1682 1062 1754 emmim
1076 1705 1144 1752 no·

142 1789 238 1859 torio
261 1796 359 1858 arcet
380 1802 442 1854 eos
464 1807 485 1853 a
510 1785 771 1859 commuuione.
828 1783 924 1857 Ante
949 1809 1083 1856 aunum
1104 1785 1143 1853 in

145 1891 283 1963 ditione
298 1886 591 1979 Naumburgensi
614 1911 742 1979 magna
766 1889 946 1960 contentio
967 1887 1035 1959 fuit
1049 1873 1144 1959 iitter

151 1995 340 2087 quosdam,
365 2014 413 2063 an
434 1989 566 2080 singuli
581 1987 744 2061 Pastores
763 1991 927 2061 armandi
942 2003 1057 2062 essent
1078 1983 1144 2061 hac

157 2108 323 2184 potestate
343 2092 558 2164 nominatim
580 2091 657 2162 sine
678 2093 881 2184 cognitione
902 2093 1145 2164 excommuni-

166 2197 265 2266 candi
297 2195 437 2289 aliquos.
503 2191 782 2288 Responderunt
814 2210 933 2268 autem
968 2195 1065 2265 idem
1098 2192 1144 2270 D.

162 2293 353 2395 Sneppius,
376 2311 412 2370 et
426 2285 579 2394 Caspar
594 2293 748 2396 Aquila,
775 2301 872 2394 quod
886 2301 958 2372 iam
972 2298 1039 2370 tibi
1056 2299 1144 2370 scri-

153 2401 277 2476 bimus.
951 2426 959 2461 r

140 2827 206 2904 No.
222 2824 345 2900 5519.

147 2923 313 2958 Μ

1033 2833 1082 2911 (¹1·
1099 2834 1144 2914 a.)

1042 2925 1146 2956 Q

518 3027 762 3115 Iudicium.

245 3200 441 3328 Mplgsgiousil.
466 3202 512 3256 lat.
531 3199 565 3256 P.
578 3199 612 3257 ll.
636 3221 662 3274 p.
677 3201 726 3256 177
740 3220 800 3271 sq,
827 3201 873 3256 obi
891 3200 1008 3256 refertur
1025 3200 1059 3254 ad
1078 3217 1143 3255 auu.

137 3427 254 3528 Quid
266 3425 499 3502 sentiendum
511 3429 562 3500 sit
577 3426 620 3500 de
639 3429 709 3516 iis,
735 3429 801 3528 qui
816 3437 902 3500 unte
917 3425 1142 3526 baptismum

412 3555 460 3604 ex
479 3525 551 3604 hac
569 3531 645 3603 vita
662 3527 880 3604 discedunt?

136 3693 312 3798 Respon.
363 3697 563 3796 Utrumque
587 3703 823 3774 necessarium
845 3717 917 3788 est,
942 3703 1028 3772 tides
1045 3725 1142 3772 com-

138 3811 303 3900 plectens
310 3799 560 3896 Evangelium,
585 3819 621 3875 et
635 3805 814 3895 legitimus
830 3829 916 3877 usus
932 3804 1142 3879 Sacramen-

140 3927 287 3995 torum,
312 3909 372 3978 sed
388 3909 545 4002 quodam
558 3907 775 3982 discrimine.
821 3907 1005 3980 Sententia
1020 3904 1144 3977 Evan-

145 4013 247 4096 gelii,
279 4033 369 4106 quae
391 4009 439 4080 ab
467 4009 635 4080 omuibus
663 4010 771 4080 fidem
800 4012 976 4102 postulat,
1004 4011 1142 4080 nullam

153 4113 304 4186 admittit
321 4107 516 4186 ἐπιείκειαν
529 4135 592 4184 seu
605 4114 858 4205 exceptionem,
884 4105 964 4208 Qui
978 4133 1052 4180 non
1069 4133 1143 4180 ere-

158 4209 227 4296 dtr,
248 4223 371 4286 munel
386 4213 569 4313 imsuper
582 4235 673 4288 eum.
724 4213 832 4295 Item,
858 4209 887 4286 I
886 4220 989 4285 ustus
1005 4233 1051 4282 ex
1066 4205 1144 4301 fide

161 4313 256 4392 ciret.
298 4315 425 4390 Altera
445 4341 530 4390 vero
553 4316 729 4389 sententia
746 4319 791 4387 de
810 4340 879 4388 uso
894 4317 1143 4390 Sacramentu-

155 4441 231 4488 rum
246 4419 430 4514 mitigatur
453 4434 488 4494 et
509 4433 759 4514 compensatur
773 4413 859 4506 fide,
891 4434 925 4492 et
942 4419 1001 4512 pia
1019 4440 1143 4510 preca-

148 4523 254 4598 tione.
304 4519 385 4598 Etsi
400 4523 497 4594 enim
512 4536 778 4594 contemnentes
800 4535 837 4593 et
852 4523 1010 4594 affectate
1027 4519 1142 4610 negli-

141 4641 287 4716 gentes,
317 4627 369 4698 rei
394 4640 478 4698 sunt
502 4637 664 4696 aeternae
686 4625 759 4696 irae
781 4623 866 4696 Dei:
898 4639 1017 4696 tamen
1039 4623 1143 4692 aliter

140 4747 194 4801 est
216 4727 447 4802 sentiendum
470 4731 515 4799 dc
533 4752 607 4798 non
629 4727 789 4800 affectata
807 4726 998 4798 omissione
1016 4724 1142 4797 Sacra-

137 4847 359 4906 memorum·

245 4947 339 5020 Nam
361 4949 394 5020 si
416 4949 503 5020 tales
528 4949 726 5019 offerantur
756 4947 844 5034 lide,
882 4962 916 5018 ει
940 4945 1142 5040 precatione

135 5065 352 5148 pareutum,
377 5065 439 5124 aut
462 5052 615 5122 aliomm
638 5049 802 5142 piorum,
828 5049 976 5142 perinde
1003 5047 1143 5140 placent

134 5155 232 5240 Deo,
257 5177 299 5225 ac
314 5153 343 5222 si
357 5151 469 5248 ipsam
485 5151 723 5224 ceremoniam
737 5165 853 5222 essent
871 5151 1030 5223 assecuti.
1066 5149 1142 5224 Ra-

134 5260 193 5333 tio
209 5271 279 5328 est:
306 5253 550 5350 Quaecunque
566 5251 676 5326 aDeo
694 5266 863 5345 petuntur
878 5254 965 5340 fide,
987 5253 1141 5324 simodo

135 5371 350 5454 congruunt
366 5379 446 5430 cum
471 5357 583 5452 ipsius
605 5356 809 5442 voluntate,
834 5369 930 5428 certo
946 5357 1142 5448 impetran-

136 5481 214 5537 tur·
267 5453 441 5535 tlohan.
461 5461 497 5532 S.
530 5453 753 5528 Est'autem
781 5451 953 5530 voluntas
973 5451 1070 5540 Dei,
1098 5479 1141 5528 ne

191 5569 374 5634 Macran.
389 5567 496 5632 Oeen.
511 5567 592 5631 Vm..
609 5559 709 5630 Vili-

729 253 1167 335 tetsrouattuu
1221 259 1446 340 LlB.llll.
1496 263 1631 344 taes.

2125 277 2198 354 tat

1199 429 1399 532 quisquam
1413 457 1461 507 ex
1478 446 1577 510 caetu
1593 437 1788 540 infantum
1808 454 1950 540 pereat,
1975 445 2042 546 qui
2055 441 2110 518 ad
2119 441 2198 520 Ea-

1199 530 1350 607 alesiam
1378 543 1572 638 pertinent.
1612 539 1744 618 Matth.
1781 545 1841 618 18.
1907 543 2121 622 Ambrosius
2152 554 2197 624 de

1197 652 1341 712 mortuo
1361 639 1577 738 Imperatore
1597 671 1672 718 non
1690 649 1887 741 baptizato,
1913 651 1977 746 qui
1994 665 2113 724 tamen
2130 655 2195 726 ba-

1197 741 1369 831 ptismum
1399 747 1582 838 expetivit,
1622 749 1673 820 sie
1695 750 1760 824 ait:
1808 747 1903 824 Etsi
1923 752 2045 852 ipsum
2071 752 2195 854 bapti-

1196 866 1318 1018 sqrum
1339 856 1548 924 consecutus
1565 874 1640 922 non
1663 860 1734 941 est,
1769 862 1893 928 tamen
1915 854 1989 928 vim
2016 855 2196 956 baptismi

1198 945 1345 1020 ulinei.

1209 1325 1275 1396 No.
1289 1323 1403 1402 5520.

1202 1423 1415 1464 »ιι-Ν

1568 1531 1811 1622 Iudicium.

1265 1733 1284 1799 †
1304 1727 1342 1783 Er
1359 1729 1519 1804 apographo
1539 1731 1567 1785 io
1587 1731 1651 1787 cod.
1670 1729 1770 1789 Piscat.
1787 1751 1813 1806 p.
1830 1731 1891 1789 850.

1194 1959 1215 1995 „
1224 1902 1415 1978 Sententia
1430 1901 1483 1981 D.
1498 1899 1751 2002 Praeceptoris
1766 1901 1990 2010 Philippi
2002 1905 2189 1987 Melan-

1195 2002 1290 2082 tho.
1320 2004 1364 2079 de
1393 2007 1660 2108 propositiones
1693 2019 1817 2082 utrum
1840 2009 1939 2086 bona
1970 2037 2079 2112 opera
2111 2018 2189 2090 sint

1348 2112 1555 2184 necessaria
1571 2107 1810 2192 adsalutem.
1827 2123 1889 2188 etc.
1908 2113 2039 2192 1555?

1193 2267 1239 2355 N
1240 2305 1307 2354 ova
1318 2282 1522 2354 obedientia
1536 2295 1589 2354 est
1601 2281 1814 2366 necessaria,
1839 2299 1996 2378 quaeest
2011 2287 2049 2357 in
2066 2307 2189 2366 renato

1194 2385 1289 2467 vita,
1315 2386 1477 2479 spiritus,
1502 2387 1581 2472 lux,
1614 2385 1749 2456 intueri
1774 2399 1809 2458 ct
1831 2409 2041 2480 cognoscere
2061 2389 2190 2482 Deum,

1194 2498 1229 2557 et
1242 2489 1376 2561 laetitia
1390 2489 1614 2584 acquiescens
1629 2487 1669 2558 in
1686 2489 1766 2571 deo,
1793 2488 1975 2578 invocans,
1997 2492 2190 2567 subiiciens

1194 2612 1260 2660 uos
1277 2593 1364 2679 deo,
1389 2615 1534 2664 accensa
1549 2591 1671 2664 audito
1691 2586 1888 2684 Evangelio
1910 2595 2137 2688 perverbum
2157 2613 2191 2670 et

1195 2694 1373 2785 spiritum.

1298 2841 1373 2913 lam
1391 2867 1471 2914 cum
1497 2843 1647 2914 dicitur:
1673 2865 1766 2913 nova
1783 2845 1985 2917 obedientia
2003 2861 2054 2917 est
2069 2872 2189 2922 neces-

1194 2945 1285 3015 saria
1300 2947 1346 3014 ad
1362 2947 1533 3030 salutem,
1558 2945 1717 3036 papistae
1738 2945 1945 3036 intelligunt
1967 2949 2064 3018 bona
2080 2975 2188 3042 opera

1194 3069 1267 3117 esse
1290 3047 1458 3119 meritum
1480 3047 1614 3117 salutis.
1671 3043 1770 3116 Haec
1791 3047 1987 3140 propositio
2008 3049 2096 3121 salsa
2120 3069 2187 3142 est3

1193 3149 1275 3220 ideo
1290 3149 1394 3221 illum
1407 3151 1556 3220 modum
1572 3149 1745 3242 loquendi
1760 3150 1877 3224 mitto.
1917 3147 1966 3222 Et
1980 3163 2099 3222 tamen
2115 3155 2187 3228 dici

1193 3253 1363 3325 usitatum
1377 3265 1443 3323 est:
1470 3275 1564 3322 nova
1580 3251 1783 3322 obedientia
1799 3265 1851 3322 est
1872 3254 2087 3337 necessaria,
2112 3281 2186 3330 non

1193 3369 1234 3428 ut
1254 3355 1440 3442 meritum,
1465 3355 1527 3425 sed
1551 3355 1756 3426 necessitate
1777 3377 1902 3426 causae
1923 3355 2102 3445 formalis3
2136 3377 2188 3448 ut,

1194 3483 1276 3530 cum
1306 3459 1409 3545 dico,
1441 3458 1559 3550 paries
1585 3457 1752 3528 albedine
1778 3459 1976 3530 necessario
2000 3475 2052 3532 est
2073 3463 2188 3536 albus.

1193 3559 1326 3634 Pacilus
1342 3574 1486 3632 renatus
1496 3560 1620 3632 vivens
1635 3584 1728 3632 nova
1744 3561 1817 3632 vita
1833 3561 1923 3632 vivit
1947 3557 2013 3634 hac
2028 3563 2104 3656 ipsa
2119 3592 2188 3638 no·

1194 3665 1302 3736 vitate
1315 3663 1524 3736 formaliter.

1295 3817 1539 3890 Necessarium
1559 3827 1676 3888 autem
1700 3817 1889 3907 siguificat:
1917 3817 2098 3892 coactione
2122 3845 2187 3892 ea:-

1193 3927 1345 4008 lortum3
1372 3921 1422 3991 sic
1437 3943 1513 3990 non
1533 3933 1586 3990 est
1605 3917 1853 4009 accipiendum
1873 3920 1912 3990 iu
1928 3923 2079 4012 angelis,
2105 3925 2187 3996 Ma-

1192 4025 1265 4108 ria,
1290 4025 1384 4093 bona
1399 4045 1505 4113 opera
1520 4033 1605 4091 sunt
1617 4023 1830 4108 necessaria,
1855 4024 1893 4093 id
1909 4035 1980 4110 est,
2006 4029 2186 4097 coactione

1193 4137 1345 4210 extorta3
1373 4119 1460 4194 haec
1475 4123 1683 4213 estagrestis
1699 4125 1950 4216 exposit1'03-
1971 4121 2186 4198 ordinatum

1193 4221 1424 4297 immutabili
1440 4219 1589 4302 ordine;
1613 4225 1664 4296 sic
1680 4226 1814 4298 dicitur
1830 4228 1868 4297 in
1884 4227 2017 4319 angelis
2027 4254 2036 4314 3
2056 4225 2185 4310 Maria,

1192 4333 1285 4402 bona
1302 4353 1409 4421 opera
1426 4342 1511 4399 sunt
1524 4328 1732 4410 necessaria,
1758 4329 1923 4399 videlicet
1937 4331 2098 4400 ordinata
2116 4332 2184 4402 im-

1191 4432 1358 4502 mutabili
1376 4431 1503 4503 ordine
1518 4431 1660 4518 divino‚
1687 4455 1759 4524 quo
1781 4446 1938 4503 creatura
1960 4430 2116 4502 subiecta
2132 4451 2183 4505 cst

1192 4534 1354 4608 creatori.
1405 4533 1466 4606 Sic
1485 4529 1651 4606 Christus
1671 4546 1705 4603 et
1720 4529 1853 4604 Paulus
1877 4533 2065 4604 nominant
2082 4537 2186 4606 debi-

1191 4654 1287 4722 tum,
1310 4637 1334 4708 i.
1351 4661 1382 4710 c.
1396 4661 1471 4706 non
1488 4636 1670 4706 coactione
1685 4647 1878 4720 extortum,
1900 4635 1962 4704 sed
1978 4636 2183 4711 ordinatum

1191 4741 1318 4812 ordine
1334 4739 1566 4824 immutabili,
1593 4761 1697 4832 quern
1711 4737 1874 4807 ordinem
1888 4733 2089 4828 intelligens
2109 4739 2184 4812 Ga.

1191 4843 1301 4928 briel,
1332 4843 1455 4915 volens
1474 4843 1706 4931 obtemperat.
1764 4833 1813 4908 Et
1833 4837 1884 4911 sic
1908 4831 1978 4912 boc
1999 4840 2115 4932 ipsum
2134 4859 2184 4914 est

1190 4946 1365 5032 debitum,
1390 4944 1557 5014 videlicet
1569 4943 1786 5018 ordinatum,
1808 4951 1850 5010 ut
1864 4940 1988 5012 volens
2003 4946 2184 5035 obtempe.

1190 5063 1263 5132 ret,
1297 5061 1338 5119 ut
1363 5067 1427 5136 ego
1452 5047 1575 5117 volens
1597 5044 1709 5114 debeo
1738 5039 1875 5114 solvere
1903 5068 1969 5136 pro
1993 5045 2183 5120 frumento.

1191 5150 1262 5222 Sed
1279 5144 1373 5218 nibil
1387 5149 1469 5218 volo
1484 5146 1607 5217 rixari.
1657 5137 1822 5214 Islebius
1845 5147 1957 5218 texuit
1979 5142 2065 5217 binc
2085 5171 2183 5219 suam

1191 5245 1367 5342 ἀνομίαν,
1394 5267 1615 5342 proponens:
1640 5247 1703 5320 bad
1719 5240 1824 5336 ittet
1840 5243 1878 5336 iii
1890 5247 2061 5340 mitigent
2086 5251 2183 5336 item,

1190 5363 1339 5422 manent
1355 5352 1527 5446 reliquiae
1543 5349 1661 5420 carnis
1683 5350 1723 5420 iu
1739 5350 1862 5436 nobis,
1887 5345 1954 5422 hae
1969 5353 2183 5422 co'e'rcendae

1191 5467 1283 5526 sunt.
1335 5451 1389 5526 De
1404 5449 1470 5524 bac
1484 5465 1583 5545 parte
1603 5451 1806 5626 singulariiq
1810 5451 2002 5546 disputatio
2019 5467 2083 5527 est
