4808 6176
121 289 202 368 429
545 351 558 364 ,
720 282 1158 365 EPISTOLARUM
1219 287 1327 367 LlB.
1352 287 1435 368 ΧΗ.
1465 290 1597 371 1565.
2096 295 2173 370 480

123 463 258 536 mundi
274 473 412 532 senecta
428 473 463 532 et
484 461 709 532 confusiones
722 459 861 550 generis
878 454 1027 530 humani
1045 481 1120 528 ma·
1174 463 1291 538 turci.
1331 433 1438 536 'Haec
1452 465 1603 540 fulmina
1619 462 1714 538 nihil
1738 482 1881 543 movent
1903 465 2021 542 hostes
2042 466 2166 542 Evan-

124 566 335 651 interfore,
363 587 468 658 quam
483 577 605 649 antea,
626 576 793 633 ettamen
814 563 927 632 filium
945 558 1012 632 Dei
1028 562 1122 631 inter
1173 566 1270 655 gelii,
1294 593 1449 661 quorum
1468 569 1571 640 multi
1586 571 1735 644 scientes
1749 589 1955 666 oppugnant
1970 573 2165 645 veritatem.

124 667 368 762 lmperiorum
384 667 525 750 rcairaas,
552 671 663 737 donec
681 678 841 734 mortuos
864 666 903 733 in
929 665 1037 734 vitam
1065 689 1121 734 re·
1174 665 1312 739 lnterea
1345 669 1582 742 blandiuntur
1613 675 1681 744 sibi
1716 689 1751 746 et
1782 689 1981 768 praetextus
2013 676 2163 767 fingunt·

124 772 293 854 vocabit,
340 768 571 838 collecturum
607 793 679 839 esse
712 783 890 838 aeternam
924 763 1119 836 Ecclesiam
1173 767 1337 865 Astnti²)
1366 773 1592 846 dissimulant
1614 801 1651 846 se
1670 773 1739 847 hoc
1771 803 1889 868 agere,
1921 793 1962 850 ut
1983 778 2162 850 stabiliant

122 898 213 946 voce
226 869 414 960 Evangelii
439 883 473 940 et
495 896 569 940 non
589 873 700 942 aliter.
753 869 849 940 Haec
870 871 952 938 ideo
980 869 1120 958 praedi·
1174 869 1292 958 Idola,
1318 875 1442 946 dicunt
1464 899 1501 944 se
1524 879 1687 948 ordinem
1714 881 1753 949 in
1767 877 1924 952 Ecclesia
1950 881 2059 966 tueri,
2086 905 2161 950 non

129 991 183 1050 cta
203 988 309 1055 sunt,
342 986 382 1044 ut
405 987 438 1044 et
460 998 708 1066 praeparemus
732 975 870 1042 animos
891 974 934 1040 ad
958 973 1120 1041 serendas
1173 997 1274 1068 posse
1288 977 1856 1052 administrareCoenamDomini
1873 985 1979 1070 tales,
2006 983 2161 1076 quinon

128 1099 334 1150 communes
351 1099 554 1161 aerumnas,
575 1090 609 1145 et
624 1101 698 1146 non
714 1075 922 1144 abiiciamus
937 1075 1119 1144 doctrinae
1171 1072 1285 1172 sint¹)
1301 1077 1434 1149 initiati
1450 1083 1495 1150 ab
1513 1076 1588 1167 his,
1616 1083 1679 1178 qui
1701 1085 1845 1156 titulum
1866 1081 1998 1156 habent
2011 1083 2163 1178 Episco-

124 1179 437 1278 propagationem‚
473 1203 552 1248 cum
583 1173 641 1248 hic
670 1179 771 1248 labor
798 1201 873 1246 non
906 1175 953 1266 sit¹
985 1176 1118 1247 irritus.
1171 1203 1311 1272 portnn.
1364 1179 1470 1268 ltem,
1497 1185 1802 1275 quisuntmariti.
1855 1185 1932 1258 Etsi
1947 1183 1983 1256 hi
2000 1199 2161 1278 praetex-

127 1283 375 1356 lntelleximus
390 1293 507 1351 autem
523 1303 651 1370 magno
674 1263 917 1359 cumdolore,
943 1280 1026 1347 odio
1051 1302 1119 1370 pu·
1171 1297 1228 1354 tus
1244 1307 1308 1374 per
1322 1307 1397 1354 sese
1414 1299 1496 1355 sunt
1510 1287 1651 1370 iniusti,
1676 1301 1797 1360 tamen
1819 1283 1886 1360 hoc
1909 1288 2076 1360 iniustius
2098 1299 2163 1373 est,

122 1411 187 1459 rae
208 1385 393 1456 doctrinae
413 1397 573 1477 pastores
596 1383 674 1451 istic
695 1407 735 1452 ex
757 1377 925 1451 Ecclesiis
952 1379 1052 1466 eiici,
1084 1389 1119 1448 et
1171 1389 1267 1478 quod
1291 1381 1357 1456 hac
1378 1387 1546 1460 ementita
1567 1391 1681 1482 specie
1708 1405 1853 1464 struunt
1881 1393 1995 1462 maius
2015 1389 2162 1474 malum,

122 1489 246 1580 vagari
273 1487 346 1556 iam
367 1486 405 1553 in
429 1485 544 1554 exiliis
559 1485 654 1554 viros
668 1480 836 1556 honestos
850 1497 884 1554 et
901 1483 1118 1568 innocentes,
1171 1488 1302 1558 seilicet
1314 1490 1580 1580 oppressionem
1601 1517 1701 1563 verae
1719 1495 1902 1564 doctrinae
1923 1507 1957 1564 et
1974 1516 2078 1562 verae
2101 1491 2161 1560 in·

123 1607 159 1663 et
175 1591 253 1684 pias
267 1589 435 1678 couiuges
450 1611 572 1656 eorum
590 1599 624 1656 at
641 1609 767 1677 parvos
782 1609 901 1675 greges
915 1609 1117 1675 pueromm·
1170 1591 1376 1662 vocationis.
1413 1589 1467 1662 De
1485 1589 1541 1662 his
1557 1594 1697 1664 insidiis
1709 1597 1862 1688 populus
1875 1595 2076 1665 monendus
2090 1607 2160 1677 est;

124 1692 202 1764 flac
219 1693 257 1761 in
273 1715 312 1760 re
328 1703 361 1760 et
377 1702 512 1759 vestrae
528 1683 776 1782 calamitatis')
799 1711 902 1758 causa
923 1701 956 1756 et
973 1701 1118 1780 propter
1169 1689 1239 1763 Sed
1255 1693 1400 1784 deipsis
1419 1697 1656 1784 praetextibus
1673 1697 1843 1768 dicamus.
1895 1695 2087 1768 Manifesta
2102 1707 2162 1791 ty-

125 1796 314 1867 orbitatem
340 1789 580 1862 Ecclesiarum
603 1803 798 1860 vestrarum
819 1791 921 1859 valde
945 1791 1117 1873 dolemus,
1168 1796 1292 1866 rannis
1310 1809 1377 1878 est,
1394 1799 1490 1888 quod
1505 1799 1634 1869 nolunt
1647 1800 1791 1870 maritos
1808 1800 2054 1869 administrare
2067 1795 2162 1869 Coe·-

125 1913 160 1970 et
178 1898 294 1968 filium
310 1893 396 1974 Dei,
423 1894 484 1988 qui
508 1894 616 1973 dixit,
643 1915 717 1962 non
743 1887 950 1990 relfaquam
974 1915 1036 1961 vos
1057 1913 1116 1960 or·
1169 1921 1253 1966 nam
1274 1895 1440 1978 Domini,
1475 1922 1555 1968 cum
1578 1901 1812 1970 certissimum
1843 1902 1907 1986 sit,
1938 1903 1977 1970 in
2002 1896 2161 1972 Ecclesia

129 1993 293 2095 phonos,
317 2019 518 2088 precamur,
544 2009 583 2065 ut
597 1990 684 2064 haec
699 1997 788 2063 mala
812 1995 940 2079 leniat,
966 2009 1000 2064 et
1014 1994 1117 2064 vobis
1168 1999 1277 2068 veteri
1305 1999 1450 2069 maritos
1473 2023 1513 2068 eo
1537 1998 1781 2100 ministerio⁹)
1806 2003 1946 2073 functos
1968 2025 2053 2074 esse.
2113 1997 2161 2072 Et

137 2101 298 2170 omnibus
311 2123 412 2192 opem
431 2097 538 2168 ferat!
590 2095 682 2167 Cum
707 2110 824 2167 autem
846 2097 962 2166 fontes
988 2119 1116 2166 conso—
1168 2103 1255 2172 adeo
1282 2101 1465 2194 perspicue
1493 2127 1512 2170 a
1537 2105 1660 2174 multis
1676 2100 1723 2200 ¹⁰)
1746 2107 1930 2175 defensum
1962 2121 2014 2176 est
2035 2103 2163 2175 coniu-

140 2203 308 2272 lationum
327 2201 423 2272 vobis
444 2214 548 2270 notos
570 2222 643 2268 esse
657 2198 826 2280 sciamus,
852 2199 996 2269 brevius
1018 2223 1115 2268 nunc
1167 2205 1264 2293 gium
1284 2203 1534 2287 sacerdotum,
1561 2219 1602 2277 ut
1618 2201 1675 2276 hic
1691 2231 1764 2277 non
1781 2207 1826 2278 sit
1851 2230 1941 2298 opus
1965 2207 2072 2298 longa
2087 2205 2163 2275 dis·

131 2305 180 2374 ad
206 2327 266 2372 vos
286 2303 480 2388 scribimus,
509 2325 549 2371 ac
579 2313 716 2372 tantum
746 2325 809 2370 vos
840 2295 1046 2404 hortamur,
1077 2313 1116 2370 ut
1167 2305 1362 2398 putatione.
1416 2302 1463 2376 Et
1485 2331 1564 2376 cum
1582 2306 1716 2380 Paulus
1739 2311 1851 2395 dicat,
1877 2303 2161 2402 prohibitionem

125 2407 244 2476 donec
266 2405 397 2500 alloqui
412 2403 589 2475 Ecclesias
610 2416 744 2474 vestras
761 2403 924 2496 potestis,
952 2427 1009 2474 eas
1029 2427 1116 2474 con·
1167 2401 1330 2497 coniugii
1341 2408 1427 2478 oriri
1450 2406 1668 2498 aDiabolis,
1693 2435 1757 2482 vos
1778 2413 1914 2482 alienos
1942 2433 2057 2482 essea
2071 2407 2162 2480 Dia-

124 2507 289 2592 firmetis,
322 2532 367 2576 ne
389 2520 534 2599 propter
552 2519 704 2576 vestram
725 2507 958 2578 calamitatem
984 2509 1029 2576 de
1049 2509 1115 2576 do-
1166 2511 1293 2581 bolicis
1306 2509 1464 2581 consiliis
1478 2512 1681 2600 laetamini,
1701 2527 1736 2585 et
1752 2539 1825 2586 non
1841 2513 2028 2599 dubitare,
2042 2510 2161 2584 Deum

122 2606 283 2706 ctrina¹)
297 2609 473 2680 dubitent.
526 2601 625 2678 Nihil
643 2608 816 2679 efficacius
838 2609 941 2698 erigit
963 2609 1115 2692 animos,
1166 2615 1387 2684 defensorem
1400 2613 1476 2685 fore
1490 2617 1648 2708 coniugii
1665 2618 1773 2689 vestri
1784 2630 1907 2688 contra
1925 2615 2109 2688 Diabolus.

121 2739 227 2808 quarn
247 2711 359 2804 ipsius
375 2709 557 2781 doctrinae
573 2711 783 2784 intellectus.
834 2709 914 2780 Fiat
938 2711 1047 2800 igitur
1068 2711 1114 2779 il-

120 2816 244 2886 lustris
272 2808 473 2886 Antithesis
504 2813 690 2904 utriusque
723 2813 861 2902 generis
894 2815 1112 2901 dogmatum.
1268 2764 1431 2840 Alterum
1456 2784 1674 2862 pmlexlum
1693 2763 2159 2864 demdimmmpetfflda

1165 2873 1209 2942 ab
1220 2867 1427 2962 Episcopis,
1453 2873 1638 2940 manifeste
1656 2871 1947 2956 refutatPaulus,
1973 2873 2158 2964 inquiens:

119 2917 238 3011 Papae
259 2917 369 2988 factio
391 2915 551 2986 defendit
572 2915 684 2984 multa
700 2914 884 2984 manifesta
902 2914 1015 2983 idola:
1050 2912 1114 2983 ln-

118 3021 325 3091 vocationes
341 3031 577 3102 mortuorum,
592 3029 625 3085 et
641 3015 771 3086 multas
784 3029 1006 3108 portentosas
1014 3009 1043 3110 ³)
1053 3039 1113 3086 su·

119 3123 366 3217 perstitiones,
417 3143 507 3214 qnae
549 3113 711 3208 indies⁴)
752 3118 931 3192 oriuntur.
1000 3115 1112 3208 lmpie
1216 3178 1224 3194 ‚

119 3225 289 3299 transfert
311 3221 468 3295 Coenam
491 3219 640 3292 Domini
661 3222 706 3290 ad
724 3234 908 3314 quaestum
936 3233 971 3289 et
993 3215 1112 3290 horri-

118 3329 186 3401 bili
208 3326 410 3422 spectaculo
434 3325 472 3393 in
491 3323 819 3414 circumgestatione
835 3346 961 3411 panem
976 3323 1111 3407 adorat,

117 3455 199 3504 cnm
217 3441 315 3502 extra
329 3428 531 3498 institutum
546 3448 651 3496 usum
673 3419 765 3494 nihil
787 3419 916 3496 habeat
935 3425 1111 3496 rationem

116 3529 351 3609 sacramenti.
394 3527 509 3602 Tollit
525 3551 645 3598 vocem
662 3524 848 3618 Evangelii
865 3529 1004 3598 devera
1023 3553 1110 3622 pue-

117 3635 287 3720 nitentia,
312 3631 415 3724 fingit
434 3631 558 3703 stultas
576 3627 851 3716 satisfactiones,
877 3645 913 3702 et
934 3629 1110 3701 excruciat

116 3741 193 3834 pias
226 3749 362 3808 mentes
395 3733 599 3806 carnificina
639 3733 916 3805 enumerationis
949 3745 1110 3826 peccato·

113 3835 265 3936 rnm⁴),
289 3838 383 3910 delet
396 3836 696 3922 consolationem,
721 3860 811 3932 quae
834 3837 1047 3929 proponitur
1068 3837 1108 3905 in

115 3944 299 4034 agnitione
316 3940 382 4010 filii
394 3938 463 4010 Dei
474 3938 626 4010 Domini
642 3939 757 4008 nostri
776 3935 857 4010 Iesu
872 3934 1027 4026 Christi3
1044 3941 1108 4008 de-

118 4047 225 4142 nique
238 4043 372 4116 multos
388 4041 650 4113 commentitios
664 4041 778 4112 cultos
793 4053 1005 4134 propugnat.

218 4195 273 4268 De
295 4192 403 4264 tantis
422 4191 529 4264 rebus
553 4215 633 4262 cum
650 4187 823 4262 dissensio
844 4187 909 4274 sit,
934 4213 1007 4260 non
1033 4187 1107 4260 exi-

10 4293 14 4306 ’
114 4298 233 4374 stimet
247 4295 403 4393 populos
420 4318 486 4365 nos
501 4291 692 4368 certamina
711 4315 787 4361 non
810 4291 1002 4362 necessaria
1028 4317 1103 4362 mo-

115 4427 207 4474 vere.
259 4399 372 4490 Saepe
386 4397 496 4488 igitur
512 4407 693 4488 repetatur
714 4415 854 4463 summa
868 4387 995 4463 verae⁸
1040 4395 1107 4464 do-

1165 2968 1212 3044 Sc'
1234 2969 1318 3070 puis
1339 2965 1453 3040 aliud
1466 2967 1717 3066 Evangelium
1735 2967 1851 3058 docet,
1877 2965 2158 3048 anathement.

1164 3073 1246 3146 Non
1273 3074 1381 3162 igitur
1405 3076 1475 3166 peti
1502 3075 1740 3147 ordinationis
1768 3076 1858 3146 ritus
1890 3076 1936 3148 ab
1962 3075 2005 3144 iis
2033 3089 2160 3165 potest,

1164 3202 1225 3270 qua
1250 3201 1454 3270 quanquam
1484 3173 1742 3268 Episcoporum
1766 3177 1871 3247 titulo
1894 3191 1928 3247 et
1954 3176 2159 3248 ordinariae

1163 3279 1412 3360 successionis,
1437 3292 1478 3348 ut
1493 3281 1681 3350 nominant
1690 3274 1755 3376 ¹¹),
1782 3279 2023 3370 praerogativa
2040 3277 2159 3348 domi-

1163 3395 1315 3486 nantur,
1348 3395 1467 3453 tamen
1490 3381 1606 3476 palam
1630 3396 1714 3453 sunt
1745 3378 1861 3452 hostes
1883 3379 2089 3472 Evangelii,
2122 3395 2159 3452 et

1163 3485 1260 3556 idola
1282 3485 1491 3556 defendunt.
1544 3483 1703 3554 Tantum
1729 3499 1848 3554 coetus
1878 3507 1998 3556 veram
2021 3482 2158 3554 doctri-

1163 3611 1245 3658 nam
1270 3611 1401 3658 sonans
1424 3583 1582 3658 Ecclesia
1606 3601 1678 3668 est,
1705 3602 1739 3656 et
1761 3587 1799 3656 in
1825 3581 1892 3658 hac
1915 3587 2156 3658 ministerium

1162 3704 1214 3762 est
1239 3687 1449 3780 Evangelii,
1474 3702 1513 3760 ut
1540 3691 1583 3758 ad
1605 3683 1780 3782 Ephesios
1806 3690 2059 3782 scriptumest.
2112 3685 2156 3758 ln

1161 3787 1228 3869 hac
1243 3818 1325 3862 vere
1340 3805 1425 3862 scint
1440 3791 1555 3862 claves
1570 3792 1670 3881 regni
1688 3792 1884 3876 caelorum,
1910 3814 1998 3885 quaa
2020 3791 2071 3862 sic
2088 3815 2156 3860 no-

1161 3895 1275 3966 minat
1293 3895 1387 3965 filius
1410 3893 1496 3966 Dei.
1548 3891 1670 3982 Quare
1695 3906 1729 3963 et
1753 3893 1791 3962 in
1809 3918 1850 3962 eu
1873 3895 1949 3984 ipso
1975 3905 2077 3964 coetu
2100 3893 2158 3962 ius

1161 4012 1213 4069 est
1232 3998 1382 4068 vocandi
1401 4009 1436 4066 et
1451 3995 1644 4064 ordinandi
1662 3993 1844 4064 ministros
1852 3989 2058 4084 Evangelii,
2071 3995 2154 4087 quia

1161 4095 1279 4169 hostes
1291 4093 1481 4186 Evangelii
1496 4097 1607 4166 vitare
1623 4119 1762 4166 necesse
1785 4109 1855 4182 est,
1870 4109 2045 4190 tanquam
2068 4119 2154 4164 ana-

1159 4195 1325 4273 themata.
1375 4195 1517 4270 Deinde
1535 4197 1671 4271 etiamsi
1691 4211 1890 4291 peteremus
1908 4199 1954 4270 ab
1970 4191 2082 4292 eis¹²)
2103 4197 2154 4264 ri-

1159 4317 1234 4374 tum
1251 4300 1507 4386 ordinationis,
1532 4324 1607 4372 non
1624 4301 1843 4380 tribuerent,
1868 4298 1938 4369 nisi
1954 4298 2154 4389 obligarent

1158 4427 1226 4475 nos
1239 4406 1284 4476 ad
1299 4403 1537 4487 abiiciendam
1553 4427 1673 4474 veram
1688 4401 1910 4481 doctrinam,
1936 4413 1971 4472 et
1991 4400 2061 4470 alia
2083 4399 2154 4467 im-

10 4561 16 4592 ι
113 4507 269 4590 effluat,
286 4495 945 4593 elpropossanlutseverlsslmadicta:
1007 4494 1106 4589 agite
1158 4507 1216 4599 pia
1231 4507 1375 4578 vincula
1399 4505 1505 4578 nobis
1527 4505 1726 4577 iniicerent.
1777 4501 1851 4572 Nec
1879 4502 1960 4571 ideo
1974 4497 2154 4573 Ecclesiae

10 4613 12 4660 ³
110 4604 233 4681 idola·
285 4601 396 4686 hem,
421 4595 565 4699 Siquis
587 4593 701 4667 “liulf
715 4593 969 4692 Evangelium
993 4591 1105 4681 dvm,
1157 4633 1260 4680 verae
1290 4609 1369 4680 sine
1398 4607 1618 4703 pastoribus,
1656 4605 1733 4676 sine
1763 4603 1940 4689 clavibus,
1967 4603 2045 4674 sine
2066 4627 2153 4673 voce

10 4703 13 4802 ζ
108 4701 325 4782 mathema
341 4699 403 4778 ⁸⁸⁸¹·
454 4700 563 4787 liffl',
592 4696 640 4770 δ”
658 4699 742 4798 9οἷ3
766 4694 905 4770 dixeri!
927 4693 1104 4798 MOSPftss·
1156 4707 1364 4804 Evangelii,
1392 4699 1472 4782 'sine
1500 4706 1708 4780 remissione
1738 4717 1962 4797 peccatorum
1990 4727 2064 4776 esse
2088 4707 2151 4774 de.-

10 4839 18 4872 ε
108 4811 227 4886 mium
243 4803 420 4878 adversus
434 4799 619 4904 Spiritum
633 4809 821 4890 sanctum,
847 4823 921 4874 non
946 4801 1104 4876 remitte·
1156 4815 1260 4901 henr,
1294 4815 1378 4910 quia
1404 4809 1564 4908 tyrannis
1582 4807 1843 4901 Episcoporum
1869 4805 2018 4878 idoneo.
2041 4807 2151 4880 mint.

10 5047 16 5086 l

10 5125 13 5216 ἶ
138 5157 172 5226 2)
191 5153 277 5210 rme.
290 5145 363 5218 fiae.

10 5263 15 5288 r
138 5237 171 5310 Ι)
191 5239 275 5293 eeoc.
293 5237 480 5286 Mirm·
795 5293 804 5314 ,.

10 5335 13 5360 t
137 5327 169 5392 4)
191 5323 278 5378 Penc-
292 5327 319 5372 et
332 5315 397 5371 eod.
408 5313 493 5370 Goth.
512 5313 573 5372 190.
589 5315 666 5373 inde.

10 5471 12 5552 s
137 5497 168 5568 6)
186 5495 289 5556 veras]
306 5501 364 5542 non
376 5483 549 5544 habetl‘enc.

1188 5059 1218 5128 7)
1238 5057 1308 5115 coa.
1322 5055 1405 5112 Goth.
1421 5055 1479 5109 190.
1492 5062 1518 5107 et
1534 5051 1617 5108 Perre.
1634 5059 1740 5106 utute.

1188 5146 1216 5214 8)
1234 5143 1317 5200 Peos.
1331 5153 1358 5196 et
1372 5139 1435 5196 rod.
1447 5137 1534 5194 Gotb.
1548 5135 1607 5196 19).
1620 5146 1712 5192 rectas
1724 5137 1791 5211 abst,
1806 5155 1858 5210 pro
1869 5147 1949 5196 suut.

1188 5227 1217 5298 9)
1236 5227 1320 5283 Peos.
1337 5241 1467 5278 munere.

1189 5317 1232 5382 10)
1252 5313 1336 5369 Pane.
1351 5319 1378 5365 et
1390 5308 1452 5366 sod.
1466 5307 1554 5366 Goth.
1566 5303 1624 5363 19⁰.
1642 5305 1673 5359 s'n
1684 5305 1783 5360 multis
1796 5307 1918 5374 maistin.

1190 5400 1234 5468 li)
1252 5397 1335 5452 Pena.
1355 5403 1467 5452 vomat.

1189 5485 1232 5552 ts)
1250 5479 1332 5536 Pras.
1345 5487 1371 5534 et
1383 5478 1448 5534 cot.
1461 5473 1545 5532 Goth.
1559 5473 1617 5531 19⁰.
1635 5473 1716 5542 ι’ρώ.

140 5075 171 5140 1)
189 5069 277 5125 reue
288 5071 400 5133 vum,
417 5070 447 5119 et
458 5077 518 5118 non
532 5057 612 5117 habet
622 5057 809 5117 numantia
840 5055 845 5066 '

140 5411 171 5478 5)
187 5403 386 5476 mutatorum]
403 5417 459 5454 non
478 5399 557 5454 babet
568 5399 654 5460 reue.
