4654 6170
178 279 207 332 x
702 249 1356 334 insinuavissemus„
1412 253 1547 337 1664.
1588 254 1720 342 1666.

205 365 283 542 {¹0ss
320 461 674 552 VenitNeunburgum

224 595 284 660 22.
319 583 514 672 Exspstiatur
523 589 558 650 16
572 583 918 654 &nonnionem

225 710 283 776 25.
319 701 491 769 Decleretio
507 702 739 789 Theologorurn
753 711 787 770 in
803 719 964 774 conventu.
1014 702 1171 792 Theologi
1184 729 1224 772 ax
1242 703 1353 774 Suerie
1367 709 1476 773 frustra
1491 717 1698 792 expectentur.

224 823 284 894 26.
320 814 499 888 1161661166
515 821 727 908 Witebergam
739 825 827 890 redit.
1315 828 1329 850 ⁶

215 939 285 1007 lun.

225 1063 284 1130 26.
321 1053 523 1143 Despousetio
538 1057 678 1124 labereris
693 1058 830 1122 botheri.

223 1177 284 1244 tu.

250 1301 284 1365 7.
321 1289 467 1362 1611116616
480 1295 669 1363 Melanthoni
686 1303 755 1364 satis
772 1305 897 1364 moleste
912 1315 966 1366 est.
1018 1298 1164 1364 Albertus
1178 1297 1380 1379 Hardenberg
1399 1315 1443 1366 est
1459 1301 1666 1386 Witebergee.

202 1429 284 1515 Aug.
1026 1429 1030 1439 '

226 1544 284 1606 24,
323 1517 468 1602 Alberto,
493 1519 576 1586 Dnci
590 1521 744 1606 Pressius,
772 1525 874 1588 scribit
889 1523 926 1584 de
941 1521 1149 1606 componenda
1163 1529 1364 1590 controversia
1379 1523 1607 1592 Osiendristice.

227 1659 287 1722 29.
321 1641 498 1708 Nordbnsae
512 1649 715 1710 controversie
729 1659 773 1710 ast
788 1647 825 1708 de
841 1650 1016 1708 66666611616
1030 1647 1180 1707 bonorum
1195 1667 1322 1730 opernm
1336 1645 1373 1708 66
1387 1649 1525 1714 sulutem.

321 1759 449 1826 Bremae
463 1765 574 1826 iterum
588 1777 728 1828 moratur
742 1769 945 1830 controversie
958 1765 996 1828 da
1008 1785 1101 1828 coena
1115 1785 1206 1833 66666.

200 1873 240 1941 S·
262 1888 284 1938 t.

240 1898 288 2062 1'1.
323 1971 426 2050 Procli
439 1985 632 2070 peraphrasin
645 1989 679 2048 in
694 1983 859 2050 Ptolemaei
875 1985 1137 2072 Quadripertitnm
1152 1989 1231 2068 edit,
1258 2001 1288 2051 et
1304 1990 1384 2052 dicat
1398 1991 1510 2052 librum
1526 1987 1774 2054 Gnmmerstedio.

257 2119 288 2180 1.
324 2101 450 2168 Dolscio
465 2107 566 2168 scribit
581 2109 739 2189 epistolam
754 2114 1004 2192 nuncupetoriem
1017 2111 1055 2172 ad
1068 2105 1214 2172 Senatum
1227 2106 1413 2171 Helleusem.

232 2239 289 2302 10.
325 2221 525 2288 Proficiscitnr
536 2219 694 2310 Lipsieus,
721 2239 751 2291 at
769 2229 840 2291 inde
856 2251 927 2292 cum
944 2225 1113 2293 Gemererio
1133 2225 1300 2294 Grimmam
1316 2245 1345 2296 et
1360 2231 1521 2308 Misniem,
1548 2241 1581 2290 nt
1602 2233 1761 2312 explorent
1777 2228 1906 2292 scholas.

230 2357 288 2420 20.
326 2342 405 2411 Cum
420 2341 589 2444 Cernererio
605 2351 802 2430 proficiscitur
815 2353 849 2411 in
862 2345 1006 2412 Scholam
1020 2347 1205 2416 Portsnsem.

215 2469 288 2538 Oet.

256 2597 289 2660 5.
324 2579 499 2668 Respondet
511 2581 724 2669 Eperieosibus
739 2593 772 2650 in
786 2587 942 2672 Hungsria
956 2589 993 2652 de
1009 2589 1210 2667 controversia
1226 2608 1244 2648 6
1257 2583 1469 2650 Lauterwaido
1484 2599 1577 2650 mota.

233 2705 288 2776 16.
325 2702 435 2768 Probet
456 2711 490 2768 in
514 2711 642 2790 epistole
664 2709 703 2771 ed
718 2705 894 2793 Calvinum,
930 2711 1014 2796 qnod
1028 2707 1188 2790 Servetur,
1223 2709 1318 2772 homo
1334 2709 1544 2792 blesphemus,
1576 2709 1780 2804 ernegistretn
1797 2703 1970 2764 interfectus
1987 2715 2047 2780 est,
2082 2717 2109 2764 et
2125 2705 2221 2764 scribit

375 2813 467 2872 simul
483 2831 536 2872 our
548 2813 629 2874 nolit
643 2833 707 2874 aese
723 2815 889 2877 immiscere
904 2817 1123 2879 controversiae
1137 2815 1280 2876 6666666
1295 2831 1384 2877 sacre.

229 2934 287 2998 22.
325 2925 438 3014 Agitur
450 2931 488 2994 de
502 2929 608 2995 Sebini
619 2935 719 2998 reditu
733 2938 766 2997 16
782 2933 979 3000 Academicus
993 2933 1276 3018 Regiomontanenn

225 3053 285 3118 27.
324 3045 548 3112 Commemorat
561 3063 691 3116 mortem
706 3047 831 3138 Georgii
847 3051 1052 3120 Melanthoois
1061 3101 1070 3134 ,
1097 3057 1145 3117 sui
1160 3057 1261 3138 petris.

208 3162 288 3228 Nor.

231 3283 288 3350 tt·
325 3285 450 3352 Senatui
465 3287 624 3354 Retisbon.
639 3291 800 3372 respondet
817 3291 854 3351 da
874 3295 1187 3354 excommunicatione
1209 3289 1290 3352 etde
1306 3293 1423 3368 usuris,
1448 3289 1485 3349 de
1502 3289 1612 3372 quibua
1628 3281 1730 3350 Nicol.
1750 3279 1855 3346 Geilus
1870 3285 2102 3345 controversiam
2123 3285 2229 3344 morit.

325 3405 394 3470 Hoc
409 3429 511 3468 mense
528 3403 748 3489 christophoro
762 3405 921 3470 Pannonio
935 3405 1070 3490 (Pr-eisc)
1083 3410 1185 3470 scribit
1200 3408 1415 3490 praefationem
1429 3410 1461 3468 in
1476 3403 1630 3468 Ciceronis
1646 3407 1805 3464 crationes.

325 3519 438 3588 Scribit
452 3529 571 3609 prolixe
586 3525 624 3586 ed
638 3519 784 3588 Ioannem
799 3523 1002 3606 Fridericnm,
1028 3523 1148 3588 Ducem
1163 3523 1377 3606 Pomeraniee,
1403 3525 1440 3588 de
1454 3538 1533 3588 recta
1547 3521 1739 3588 instituendis
1755 3521 1861 3584 studiis
1876 3525 2041 3584 literarum.

229 3643 288 3708 26.
327 3640 474 3728 Georgius
489 3665 507 3708 6
520 3641 680 3708 Kunbeim
700 3647 794 3728 petit,
819 3646 877 3706 sibi
891 3643 1064 3728 desponsari
1078 3645 1316 3730 Margarethern,
1341 3651 1435 3710 filium
1450 3643 1590 3710 Lntheri.

214 3751 290 3822 Dec.

234 3885 290 3948 18.
326 3883 486 3949 intercedit
502 3885 582 3968 epnd
597 3883 759 3950 Albennm
773 3881 891 3948 Ducam
909 3883 1046 3949 Prussiee
1069 3909 1125 3969 pro
1141 3882 1274 3970 Georgio
1297 3883 1502 3964 aKnnheim,
1528 3898 1564 3948 ut
1586 3889 1614 3946 ei
1634 3885 1823 3968 permittetur
1844 3884 2069 3944 matrimonirun
2085 3861 2156 3946 cubo
2174 3889 2238 3946 filia

377 3985 517 4052 Lntberi.

329 4097 527 4172 Commendat
540 4107 758 4168 enarrationem
769 4104 912 4168 Hecubae
926 4103 1081 4187 Euripidis
1095 4112 1237 4192 scriptam
1251 4129 1267 4168 6
1283 4104 1434 4170 1161116666
1454 4105 1613 4167 Henslero.
1653 4147 1659 4152 -
1798 4107 1803 4118 '

235 4217 292 4286 26.
327 4221 688 4304 1161161661165661666,
714 4221 833 4286 Ducem
847 4221 962 4292 Saxon.
976 4221 1122 4288 Electoris
1135 4239 1246 4290 statum
1258 4225 1429 4286 scholarum
1443 4243 1517 4308 ques
1538 4225 1708 4304 inspexerat
1722 4240 1791 4280 curn
1806 4216 1986 4280 camerario.

234 4341 293 4404 61·
327 4343 502 4428 Respondet
516 4341 695 4426 quibusdam
712 4347 973 4407 concionatoribus
992 4349 1024 4406 in
1038 4345 1162 4407 Francia
1175 4345 1212 4406 de
1228 4347 1289 4406 ritu
1303 4345 1478 4408 elevationis
1492 4344 1525 4404 in
1542 4362 1634 4404 coene
1651 4361 1741 4404 66666.

327 4463 453 4530 0616616
470 4462 585 4524 laboret
599 4457 787 4526 1161661166.

1117 4769 1278 4846 ΑΝΝΟ
1313 4773 1444 4852 1666.

248 4891 295 4934 en.

109 4945 112 4952 ¹
230 4867 296 5058 11.
332 4979 406 5046 1161.
422 4981 529 5064 gratias
543 4983 605 5064 epit
617 4977 698 5044 11661
711 4975 905 5042 1666666166
921 4999 976 5061 pro
993 4999 1117 5042 monera
1132 4989 1267 5062 accepto.
1319 4973 1467 5050 Sabinus,
1493 4979 1547 5062 qni
1559 4999 1590 5040 se
1606 4979 1640 5038 in
1655 4977 1783 5038 exilium
1803 4975 1927 5034 missum
1943 4970 1981 5028 iri
1997 4977 2152 5047 expectat,
2188 4991 2258 5031 vo.

381 5098 464 5148 catur
476 5089 510 5144 in
524 5081 718 5146 Academiam
732 5079 1025 5148 Frencosordianent.

264 5217 297 5282 6.
334 5203 509 5272 Conventus
526 5205 774 5266 concionatorum
787 5206 821 5264 in
833 5197 985 5282 11666116,
1010 5199 1048 5262 66
1063 5203 1149 5262 cuius
1162 5197 1281 5262 decreto
1297 5199 1357 5260 rid.
1374 5219 1423 5282 ep.
1441 5199 1478 5260 ed
1494 5193 1615 5260 Besoid.
1632 5195 1660 5256 d.
1677 5197 1705 5256 d.
1723 5195 1756 5258 1.
1771 5188 1856 5252 Febr.
1874 5191 1896 5251 b
1921 5213 1948 5252 a.

332 5321 510 5388 1161661166
524 5323 641 5384 6616616
654 5323 782 5384 laborat.

241 5453 300 5518 12.
332 5439 511 5508 1161661166
525 5443 704 5504 6661661166
715 5459 800 5504 mem
812 5437 914 5500 scribit
928 5431 966 5498 66
980 5438 1181 5500 controversia
1193 5433 1371 5502 Nordbusae
1387 5447 1451 5498 orta
1465 5434 1503 5496 de
1516 5433 1690 5496 6666661616
1704 5429 1852 5492 66666666
1869 5443 1996 5508 mosa
2007 5421 2045 5484 ad
2060 5423 2218 5482 alutem.
