<?xml version="1.0" encoding="UTF-8"?>
<!DOCTYPE html PUBLIC "-//W3C//DTD XHTML 1.0 Transitional//EN"
    "http://www.w3.org/TR/xhtml1/DTD/xhtml1-transitional.dtd">
<html xmlns="http://www.w3.org/1999/xhtml" xml:lang="en" lang="en">
 <head>
  <title>
</title>
<meta http-equiv="Content-Type" content="text/html;charset=utf-8" />
  <meta name='ocr-system' content='tesseract 3.04.00' />
  <meta name='ocr-capabilities' content='ocr_page ocr_carea ocr_par ocr_line ocrx_word'/>
</head>
<body>
  <div class='ocr_page' id='page_1' title='image "./philippimelanth05bindgoog_0253.png"; bbox 0 0 4808 6176; ppageno 0'>
   <div class='ocr_carea' id='block_1_1' title="bbox 127 279 321 526">
    <p class='ocr_par' dir='ltr' id='par_1_1' title="bbox 127 279 321 526">
     <span class='ocr_line' id='line_1_1' title="bbox 131 279 211 360; baseline 0 -1"><span class='ocrx_word' id='word_1_1' title='bbox 131 279 211 360; x_wconf 80' lang='grc'><strong><em>446</em></strong></span> 
     </span>
     <span class='ocr_line' id='line_1_2' title="bbox 127 444 321 526; baseline -0.01 0"><span class='ocrx_word' id='word_1_2' title='bbox 127 451 193 526; x_wconf 83' lang='grc' dir='ltr'><strong><em>Νο.</em></strong></span> <span class='ocrx_word' id='word_1_3' title='bbox 207 444 321 524; x_wconf 75' lang='lat'><strong><em>5752.</em></strong></span> 
     </span>
    </p>
   </div>
   <div class='ocr_carea' id='block_1_2' title="bbox 132 541 346 584">
    <p class='ocr_par' dir='ltr' id='par_1_2' title="bbox 132 541 346 584">
     <span class='ocr_line' id='line_1_3' title="bbox 132 541 346 584; baseline 0.005 -1"><span class='ocrx_word' id='word_1_4' title='bbox 132 541 346 584; x_wconf 50' lang='lat' dir='ltr'><em>m</em></span> 
     </span>
    </p>
   </div>
   <div class='ocr_carea' id='block_1_3' title="bbox 830 448 1121 576">
    <p class='ocr_par' dir='ltr' id='par_1_3' title="bbox 830 448 1121 576">
     <span class='ocr_line' id='line_1_4' title="bbox 954 448 1121 522; baseline -0.018 0"><span class='ocrx_word' id='word_1_5' title='bbox 954 460 1014 522; x_wconf 77' lang='lat'><strong><em>28.</em></strong></span> <span class='ocrx_word' id='word_1_6' title='bbox 1031 448 1121 519; x_wconf 72' lang='lat' dir='ltr'><strong><em>Mart.</em></strong></span> 
     </span>
     <span class='ocr_line' id='line_1_5' title="bbox 830 541 1121 576; baseline -0.003 1"><span class='ocrx_word' id='word_1_7' title='bbox 830 541 834 552; x_wconf 89' lang='lat'><em>·</em></span> <span class='ocrx_word' id='word_1_8' title='bbox 951 541 1121 576; x_wconf 54' lang='lat' dir='ltr'><strong><em>ww</em></strong></span> 
     </span>
    </p>
   </div>
   <div class='ocr_carea' id='block_1_4' title="bbox 199 645 859 887">
    <p class='ocr_par' dir='ltr' id='par_1_4' title="bbox 199 645 859 887">
     <span class='ocr_line' id='line_1_6' title="bbox 500 645 772 735; baseline 0 0"><span class='ocrx_word' id='word_1_9' title='bbox 500 646 548 735; x_wconf 86' lang='lat' dir='ltr'><strong><em>S.</em></strong></span> <span class='ocrx_word' id='word_1_10' title='bbox 577 645 772 734; x_wconf 77' lang='lat' dir='ltr'><strong><em>nocero:</em></strong></span> 
     </span>
     <span class='ocr_line' id='line_1_7' title="bbox 199 809 859 887; baseline 0 -20"><span class='ocrx_word' id='word_1_11' title='bbox 199 815 223 886; x_wconf 89' lang='lat'>†</span> <span class='ocrx_word' id='word_1_12' title='bbox 241 811 278 867; x_wconf 70' lang='lat' dir='ltr'><strong><em>ts«</em></strong></span> <span class='ocrx_word' id='word_1_13' title='bbox 288 829 384 887; x_wconf 73' lang='lat' dir='ltr'><strong><em>apogr.</em></strong></span> <span class='ocrx_word' id='word_1_14' title='bbox 397 809 427 864; x_wconf 89' lang='lat' dir='ltr'><strong><em>in</em></strong></span> <span class='ocrx_word' id='word_1_15' title='bbox 443 809 511 867; x_wconf 86' lang='lat' dir='ltr'><strong><em>cod.</em></strong></span> <span class='ocrx_word' id='word_1_16' title='bbox 525 809 662 867; x_wconf 84' lang='lat' dir='ltr'><strong><em>Mebnert.</em></strong></span> <span class='ocrx_word' id='word_1_17' title='bbox 677 827 724 867; x_wconf 89' lang='lat' dir='ltr'><strong><em>no.</em></strong></span> <span class='ocrx_word' id='word_1_18' title='bbox 737 812 762 866; x_wconf 87' lang='grc'><strong><em>4.</em></strong></span> <span class='ocrx_word' id='word_1_19' title='bbox 774 827 801 883; x_wconf 87' lang='lat' dir='ltr'><strong><em>p.</em></strong></span> <span class='ocrx_word' id='word_1_20' title='bbox 814 809 859 868; x_wconf 85' lang='grc'><strong><em>57.</em></strong></span> 
     </span>
    </p>
   </div>
   <div class='ocr_carea' id='block_1_5' title="bbox 131 961 1125 1066">
    <p class='ocr_par' dir='ltr' id='par_1_5' title="bbox 131 961 1125 1066">
     <span class='ocr_line' id='line_1_8' title="bbox 131 961 1125 1066; baseline -0.006 -20"><span class='ocrx_word' id='word_1_21' title='bbox 131 961 358 1046; x_wconf 87' lang='lat' dir='ltr'><strong><em>Clarissimo</em></strong></span> <span class='ocrx_word' id='word_1_22' title='bbox 374 965 469 1054; x_wconf 85' lang='lat' dir='ltr'><strong><em>viro,</em></strong></span> <span class='ocrx_word' id='word_1_23' title='bbox 488 963 689 1066; x_wconf 82' lang='lat' dir='ltr'><strong><em>prudentio</em></strong></span> <span class='ocrx_word' id='word_1_24' title='bbox 707 977 739 1038; x_wconf 92' lang='lat' dir='ltr'><strong><em>et</em></strong></span> <span class='ocrx_word' id='word_1_25' title='bbox 758 965 887 1040; x_wconf 84' lang='lat' dir='ltr'><strong><em>virtute</em></strong></span> <span class='ocrx_word' id='word_1_26' title='bbox 899 965 1125 1066; x_wconf 71' lang='lat' dir='ltr'><strong><em>praestanti,</em></strong></span> 
     </span>
    </p>
   </div>
   <div class='ocr_carea' id='block_1_6' title="bbox 18 1065 1123 1152">
    <p class='ocr_par' dir='ltr' id='par_1_6' title="bbox 18 1065 1123 1152">
     <span class='ocr_line' id='line_1_9' title="bbox 18 1065 1123 1152; baseline -0.005 -3"><span class='ocrx_word' id='word_1_27' title='bbox 18 1069 19 1074; x_wconf 6' lang='grc' dir='ltr'>ἵ</span> <span class='ocrx_word' id='word_1_28' title='bbox 131 1073 185 1148; x_wconf 90' lang='lat' dir='ltr'><strong><em>D.</em></strong></span> <span class='ocrx_word' id='word_1_29' title='bbox 207 1068 393 1146; x_wconf 78' lang='lat' dir='ltr'><strong><em>Simoni</em></strong></span> <span class='ocrx_word' id='word_1_30' title='bbox 415 1065 580 1152; x_wconf 85' lang='lat' dir='ltr'><strong><em>Roter,</em></strong></span> <span class='ocrx_word' id='word_1_31' title='bbox 609 1073 804 1143; x_wconf 85' lang='lat' dir='ltr'><strong><em>secretaria</em></strong></span> <span class='ocrx_word' id='word_1_32' title='bbox 827 1081 978 1142; x_wconf 83' lang='lat' dir='ltr'><strong><em>senatos</em></strong></span> <span class='ocrx_word' id='word_1_33' title='bbox 998 1071 1039 1142; x_wconf 89' lang='lat' dir='ltr'><strong><em>in</em></strong></span> <span class='ocrx_word' id='word_1_34' title='bbox 1066 1095 1123 1144; x_wconf 84' lang='lat' dir='ltr'><strong><em>ve-</em></strong></span> 
     </span>
    </p>
   </div>
   <div class='ocr_carea' id='block_1_7' title="bbox 266 1167 988 1267">
    <p class='ocr_par' dir='ltr' id='par_1_7' title="bbox 266 1167 988 1267">
     <span class='ocr_line' id='line_1_10' title="bbox 266 1167 988 1267; baseline 0.003 -22"><span class='ocrx_word' id='word_1_35' title='bbox 266 1171 337 1246; x_wconf 89' lang='lat' dir='ltr'><strong><em>teri</em></strong></span> <span class='ocrx_word' id='word_1_36' title='bbox 349 1196 431 1244; x_wconf 88' lang='lat' dir='ltr'><strong><em>arce</em></strong></span> <span class='ocrx_word' id='word_1_37' title='bbox 445 1169 610 1256; x_wconf 82' lang='lat' dir='ltr'><strong><em>Brenni,</em></strong></span> <span class='ocrx_word' id='word_1_38' title='bbox 635 1167 761 1267; x_wconf 83' lang='lat' dir='ltr'><strong><em>odfini</em></strong></span> <span class='ocrx_word' id='word_1_39' title='bbox 774 1197 843 1244; x_wconf 85' lang='lat' dir='ltr'><strong><em>sao</em></strong></span> <span class='ocrx_word' id='word_1_40' title='bbox 858 1171 988 1250; x_wconf 74' lang='lat' dir='ltr'><strong><em>eurise.</em></strong></span> 
     </span>
    </p>
   </div>
   <div class='ocr_carea' id='block_1_8' title="bbox 123 1291 1125 3131">
    <p class='ocr_par' dir='ltr' id='par_1_8' title="bbox 123 1291 1125 3131">
     <span class='ocr_line' id='line_1_11' title="bbox 132 1291 1124 1416; baseline -0.008 -16"><span class='ocrx_word' id='word_1_41' title='bbox 132 1315 180 1406; x_wconf 83' lang='lat' dir='ltr'><strong><em>S.</em></strong></span> <span class='ocrx_word' id='word_1_42' title='bbox 205 1325 250 1402; x_wconf 88' lang='lat' dir='ltr'><strong><em>D.</em></strong></span> <span class='ocrx_word' id='word_1_43' title='bbox 304 1291 533 1416; x_wconf 81' lang='lat' dir='ltr'><strong><em>lntegerrime</em></strong></span> <span class='ocrx_word' id='word_1_44' title='bbox 553 1324 628 1406; x_wconf 89' lang='lat' dir='ltr'><strong><em>vir,</em></strong></span> <span class='ocrx_word' id='word_1_45' title='bbox 655 1337 690 1395; x_wconf 92' lang='lat' dir='ltr'><strong><em>et</em></strong></span> <span class='ocrx_word' id='word_1_46' title='bbox 702 1323 830 1394; x_wconf 88' lang='lat' dir='ltr'><strong><em>adfinis</em></strong></span> <span class='ocrx_word' id='word_1_47' title='bbox 845 1323 1036 1398; x_wconf 84' lang='lat' dir='ltr'><strong><em>carissime.</em></strong></span> <span class='ocrx_word' id='word_1_48' title='bbox 1068 1321 1124 1394; x_wconf 91' lang='lat' dir='ltr'><strong><em>De</em></strong></span> 
     </span>
     <span class='ocr_line' id='line_1_12' title="bbox 131 1425 1123 1526; baseline -0.011 -21"><span class='ocrx_word' id='word_1_49' title='bbox 131 1430 312 1526; x_wconf 84' lang='lat' dir='ltr'>republica</span> <span class='ocrx_word' id='word_1_50' title='bbox 339 1429 404 1497; x_wconf 90' lang='lat' dir='ltr'><strong><em>etsi</em></strong></span> <span class='ocrx_word' id='word_1_51' title='bbox 428 1427 497 1496; x_wconf 85' lang='lat' dir='ltr'><strong><em>alia</em></strong></span> <span class='ocrx_word' id='word_1_52' title='bbox 520 1427 631 1496; x_wconf 92' lang='lat' dir='ltr'><strong><em>multa</em></strong></span> <span class='ocrx_word' id='word_1_53' title='bbox 648 1425 800 1496; x_wconf 89' lang='lat' dir='ltr'><strong><em>scribere</em></strong></span> <span class='ocrx_word' id='word_1_54' title='bbox 818 1449 977 1518; x_wconf 90' lang='lat' dir='ltr'><strong><em>possem,</em></strong></span> <span class='ocrx_word' id='word_1_55' title='bbox 1002 1437 1123 1495; x_wconf 86' lang='lat' dir='ltr'><strong><em>tamen</em></strong></span> 
     </span>
     <span class='ocr_line' id='line_1_13' title="bbox 132 1527 1123 1621; baseline -0.01 -15"><span class='ocrx_word' id='word_1_56' title='bbox 132 1533 199 1606; x_wconf 86' lang='lat' dir='ltr'><strong><em>boc</em></strong></span> <span class='ocrx_word' id='word_1_57' title='bbox 215 1530 373 1603; x_wconf 88' lang='lat' dir='ltr'><strong><em>indicavi</em></strong></span> <span class='ocrx_word' id='word_1_58' title='bbox 389 1529 537 1598; x_wconf 83' lang='lat' dir='ltr'><strong><em>maxime</em></strong></span> <span class='ocrx_word' id='word_1_59' title='bbox 551 1529 699 1616; x_wconf 82' lang='lat' dir='ltr'><strong><em>dignum</em></strong></span> <span class='ocrx_word' id='word_1_60' title='bbox 716 1548 789 1596; x_wconf 88' lang='lat' dir='ltr'><strong><em>esse</em></strong></span> <span class='ocrx_word' id='word_1_61' title='bbox 807 1528 939 1612; x_wconf 90' lang='lat' dir='ltr'><strong><em>literis,</em></strong></span> <span class='ocrx_word' id='word_1_62' title='bbox 965 1529 1061 1621; x_wconf 92' lang='lat' dir='ltr'><strong><em>quod</em></strong></span> <span class='ocrx_word' id='word_1_63' title='bbox 1083 1527 1123 1598; x_wconf 88' lang='lat' dir='ltr'><strong><em>in</em></strong></span> 
     </span>
     <span class='ocr_line' id='line_1_14' title="bbox 131 1620 1125 1724; baseline -0.011 -14"><span class='ocrx_word' id='word_1_64' title='bbox 131 1646 310 1710; x_wconf 90' lang='lat' dir='ltr'><strong><em>conventu</em></strong></span> <span class='ocrx_word' id='word_1_65' title='bbox 331 1625 599 1724; x_wconf 82' lang='lat' dir='ltr'><strong><em>Noobargensi</em></strong></span> <span class='ocrx_word' id='word_1_66' title='bbox 611 1620 648 1722; x_wconf 69' lang='lat'><strong><em>¹⁶)</em></strong></span> <span class='ocrx_word' id='word_1_67' title='bbox 670 1653 794 1698; x_wconf 90' lang='lat' dir='ltr'><strong><em>omnes</em></strong></span> <span class='ocrx_word' id='word_1_68' title='bbox 814 1629 992 1722; x_wconf 81' lang='lat' dir='ltr'><strong><em>principes</em></strong></span> <span class='ocrx_word' id='word_1_69' title='bbox 1007 1627 1125 1700; x_wconf 87' lang='lat' dir='ltr'><strong><em>Duces</em></strong></span> 
     </span>
     <span class='ocr_line' id='line_1_15' title="bbox 131 1727 1124 1824; baseline -0.011 -12"><span class='ocrx_word' id='word_1_70' title='bbox 131 1737 327 1816; x_wconf 75' lang='lat' dir='ltr'><strong><em>Senoniae,</em></strong></span> <span class='ocrx_word' id='word_1_71' title='bbox 358 1727 589 1804; x_wconf 87' lang='lat' dir='ltr'><strong><em>Marcbiones</em></strong></span> <span class='ocrx_word' id='word_1_72' title='bbox 614 1745 647 1800; x_wconf 91' lang='lat' dir='ltr'><strong><em>et</em></strong></span> <span class='ocrx_word' id='word_1_73' title='bbox 668 1728 851 1824; x_wconf 86' lang='lat' dir='ltr'><strong><em>Principes</em></strong></span> <span class='ocrx_word' id='word_1_74' title='bbox 874 1729 1034 1802; x_wconf 88' lang='lat' dir='ltr'><strong><em>Hessiaci</em></strong></span> <span class='ocrx_word' id='word_1_75' title='bbox 1060 1733 1124 1801; x_wconf 93' lang='lat' dir='ltr'><strong><em>de-</em></strong></span> 
     </span>
     <span class='ocr_line' id='line_1_16' title="bbox 133 1831 1123 1918; baseline -0.009 -5"><span class='ocrx_word' id='word_1_76' title='bbox 133 1851 342 1918; x_wconf 86' lang='lat' dir='ltr'><strong><em>creverunt,</em></strong></span> <span class='ocrx_word' id='word_1_77' title='bbox 368 1858 499 1904; x_wconf 90' lang='lat' dir='ltr'><strong><em>senon</em></strong></span> <span class='ocrx_word' id='word_1_78' title='bbox 523 1835 736 1904; x_wconf 89' lang='lat' dir='ltr'><strong><em>discessuros</em></strong></span> <span class='ocrx_word' id='word_1_79' title='bbox 758 1855 831 1903; x_wconf 88' lang='lat' dir='ltr'><strong><em>csse</em></strong></span> <span class='ocrx_word' id='word_1_80' title='bbox 852 1831 1123 1905; x_wconf 87' lang='lat' dir='ltr'><strong><em>aConfessione</em></strong></span> 
     </span>
     <span class='ocr_line' id='line_1_17' title="bbox 136 1933 1121 2035; baseline -0.011 -20"><span class='ocrx_word' id='word_1_81' title='bbox 136 1940 361 2035; x_wconf 56' lang='lat' dir='ltr'><strong><em>Augustam,</em></strong></span> <span class='ocrx_word' id='word_1_82' title='bbox 385 1939 476 2006; x_wconf 88' lang='lat' dir='ltr'><strong><em>etde</em></strong></span> <span class='ocrx_word' id='word_1_83' title='bbox 493 1959 557 2006; x_wconf 86' lang='lat' dir='ltr'><strong><em>sua</em></strong></span> <span class='ocrx_word' id='word_1_84' title='bbox 570 1936 744 2005; x_wconf 84' lang='lat' dir='ltr'><strong><em>sententia</em></strong></span> <span class='ocrx_word' id='word_1_85' title='bbox 759 1953 962 2008; x_wconf 82' lang='lat' dir='ltr'>reverenter</span> <span class='ocrx_word' id='word_1_86' title='bbox 983 1937 1028 2006; x_wconf 87' lang='lat' dir='ltr'><strong><em>ad</em></strong></span> <span class='ocrx_word' id='word_1_87' title='bbox 1048 1933 1121 2005; x_wconf 89' lang='lat' dir='ltr'><strong><em>lm-</em></strong></span> 
     </span>
     <span class='ocr_line' id='line_1_18' title="bbox 141 2030 1122 2135; baseline 0.002 -24"><span class='ocrx_word' id='word_1_88' title='bbox 141 2057 332 2135; x_wconf 88' lang='lat' dir='ltr'><strong><em>pcratorem</em></strong></span> <span class='ocrx_word' id='word_1_89' title='bbox 359 2030 540 2109; x_wconf 81' lang='lat' dir='ltr'><strong><em>Carnium</em></strong></span> <span class='ocrx_word' id='word_1_90' title='bbox 577 2053 611 2108; x_wconf 87' lang='lat' dir='ltr'><strong><em>et</em></strong></span> <span class='ocrx_word' id='word_1_91' title='bbox 641 2039 686 2105; x_wconf 90' lang='lat' dir='ltr'><strong><em>ad</em></strong></span> <span class='ocrx_word' id='word_1_92' title='bbox 717 2039 861 2107; x_wconf 85' lang='lat' dir='ltr'><strong><em>fratrem</em></strong></span> <span class='ocrx_word' id='word_1_93' title='bbox 894 2039 1122 2130; x_wconf 89' lang='lat' dir='ltr'><strong><em>scripserunt.</em></strong></span> 
     </span>
     <span class='ocr_line' id='line_1_19' title="bbox 144 2139 1121 2224; baseline -0.004 -12"><span class='ocrx_word' id='word_1_94' title='bbox 144 2143 324 2212; x_wconf 82' lang='lat' dir='ltr'><strong><em>Preccmur</em></strong></span> <span class='ocrx_word' id='word_1_95' title='bbox 346 2163 471 2211; x_wconf 88' lang='lat' dir='ltr'><strong><em>omnes</em></strong></span> <span class='ocrx_word' id='word_1_96' title='bbox 492 2139 700 2209; x_wconf 67' lang='lat' dir='ltr'><strong><em>ardentibus</em></strong></span> <span class='ocrx_word' id='word_1_97' title='bbox 726 2139 838 2224; x_wconf 85' lang='lat' dir='ltr'><strong><em>votis,</em></strong></span> <span class='ocrx_word' id='word_1_98' title='bbox 869 2154 910 2212; x_wconf 88' lang='lat' dir='ltr'><strong><em>ut</em></strong></span> <span class='ocrx_word' id='word_1_99' title='bbox 931 2141 1025 2210; x_wconf 86' lang='lat' dir='ltr'><strong><em>lilius</em></strong></span> <span class='ocrx_word' id='word_1_100' title='bbox 1050 2139 1121 2210; x_wconf 88' lang='lat' dir='ltr'><strong><em>Dei</em></strong></span> 
     </span>
     <span class='ocr_line' id='line_1_20' title="bbox 143 2235 1121 2334; baseline -0.004 -20"><span class='ocrx_word' id='word_1_101' title='bbox 143 2256 273 2328; x_wconf 88' lang='lat' dir='ltr'><strong><em>servet,</em></strong></span> <span class='ocrx_word' id='word_1_102' title='bbox 295 2245 464 2334; x_wconf 77' lang='lat' dir='ltr'><strong><em>gubernet</em></strong></span> <span class='ocrx_word' id='word_1_103' title='bbox 486 2255 520 2312; x_wconf 91' lang='lat' dir='ltr'><strong><em>ct</em></strong></span> <span class='ocrx_word' id='word_1_104' title='bbox 539 2252 699 2334; x_wconf 84' lang='lat' dir='ltr'><strong><em>protegat</em></strong></span> <span class='ocrx_word' id='word_1_105' title='bbox 715 2235 889 2311; x_wconf 75' lang='lat' dir='ltr'><strong><em>Ecclesiae</em></strong></span> <span class='ocrx_word' id='word_1_106' title='bbox 913 2239 1039 2312; x_wconf 89' lang='lat' dir='ltr'><strong><em>barum</em></strong></span> <span class='ocrx_word' id='word_1_107' title='bbox 1064 2265 1121 2311; x_wconf 90' lang='lat' dir='ltr'><strong><em>re-</em></strong></span> 
     </span>
     <span class='ocr_line' id='line_1_21' title="bbox 123 2337 1121 2438; baseline -0.004 -22"><span class='ocrx_word' id='word_1_108' title='bbox 123 2337 278 2438; x_wconf 80' lang='lat' dir='ltr'><strong><em>gionum</em></strong></span> <span class='ocrx_word' id='word_1_109' title='bbox 299 2359 334 2415; x_wconf 88' lang='lat' dir='ltr'><strong><em>et</em></strong></span> <span class='ocrx_word' id='word_1_110' title='bbox 355 2343 544 2438; x_wconf 87' lang='lat' dir='ltr'><strong><em>principes.</em></strong></span> <span class='ocrx_word' id='word_1_111' title='bbox 603 2339 657 2412; x_wconf 90' lang='lat' dir='ltr'><strong><em>De</em></strong></span> <span class='ocrx_word' id='word_1_112' title='bbox 679 2343 898 2414; x_wconf 89' lang='lat' dir='ltr'><strong><em>adolescente</em></strong></span> <span class='ocrx_word' id='word_1_113' title='bbox 925 2342 1051 2436; x_wconf 85' lang='lat' dir='ltr'><strong><em>scripsi</em></strong></span> <span class='ocrx_word' id='word_1_114' title='bbox 1076 2343 1121 2414; x_wconf 88' lang='lat' dir='ltr'><strong><em>ad</em></strong></span> 
     </span>
     <span class='ocr_line' id='line_1_22' title="bbox 134 2432 1121 2542; baseline -0.003 -26"><span class='ocrx_word' id='word_1_115' title='bbox 134 2447 252 2518; x_wconf 86' lang='lat' dir='ltr'><strong><em>virum</em></strong></span> <span class='ocrx_word' id='word_1_116' title='bbox 267 2447 502 2517; x_wconf 88' lang='lat' dir='ltr'><strong><em>reverendum</em></strong></span> <span class='ocrx_word' id='word_1_117' title='bbox 521 2432 844 2542; x_wconf 70' lang='lat' dir='ltr'><strong><em>christophorum.</em></strong></span> <span class='ocrx_word' id='word_1_118' title='bbox 894 2443 1017 2522; x_wconf 85' lang='lat' dir='ltr'><strong><em>Debeo</em></strong></span> <span class='ocrx_word' id='word_1_119' title='bbox 1038 2443 1121 2516; x_wconf 91' lang='lat' dir='ltr'><strong><em>urbi</em></strong></span> 
     </span>
     <span class='ocr_line' id='line_1_23' title="bbox 133 2547 1120 2641; baseline -0.003 -23"><span class='ocrx_word' id='word_1_120' title='bbox 133 2563 268 2621; x_wconf 86' lang='lat' dir='ltr'><strong><em>vestrae</em></strong></span> <span class='ocrx_word' id='word_1_121' title='bbox 301 2549 575 2640; x_wconf 78' lang='lat' dir='ltr'><strong><em>gratitudinem,</em></strong></span> <span class='ocrx_word' id='word_1_122' title='bbox 614 2548 697 2641; x_wconf 88' lang='lat' dir='ltr'><strong><em>quia</em></strong></span> <span class='ocrx_word' id='word_1_123' title='bbox 730 2559 783 2618; x_wconf 87' lang='lat' dir='ltr'><strong><em>cst</em></strong></span> <span class='ocrx_word' id='word_1_124' title='bbox 815 2547 930 2639; x_wconf 82' lang='lat' dir='ltr'><strong><em>petria</em></strong></span> <span class='ocrx_word' id='word_1_125' title='bbox 961 2571 1120 2618; x_wconf 87' lang='lat' dir='ltr'><strong><em>mearum</em></strong></span> 
     </span>
     <span class='ocr_line' id='line_1_24' title="bbox 130 2640 1119 2748; baseline -0.005 -25"><span class='ocrx_word' id='word_1_126' title='bbox 130 2653 307 2736; x_wconf 86' lang='lat' dir='ltr'><strong><em>tiliarum,</em></strong></span> <span class='ocrx_word' id='word_1_127' title='bbox 334 2674 421 2744; x_wconf 86' lang='lat' dir='ltr'><strong><em>quas</em></strong></span> <span class='ocrx_word' id='word_1_128' title='bbox 436 2662 478 2718; x_wconf 88' lang='lat' dir='ltr'><strong><em>ut</em></strong></span> <span class='ocrx_word' id='word_1_129' title='bbox 500 2661 600 2742; x_wconf 85' lang='lat' dir='ltr'><strong><em>pater</em></strong></span> <span class='ocrx_word' id='word_1_130' title='bbox 623 2640 869 2748; x_wconf 79' lang='grc' dir='ltr'><strong><em>φιλόστοργος</em></strong></span> <span class='ocrx_word' id='word_1_131' title='bbox 890 2673 972 2721; x_wconf 84' lang='lat' dir='ltr'><strong><em>vere</em></strong></span> <span class='ocrx_word' id='word_1_132' title='bbox 994 2650 1119 2740; x_wconf 82' lang='lat' dir='ltr'><strong><em>diligo,</em></strong></span> 
     </span>
     <span class='ocr_line' id='line_1_25' title="bbox 130 2747 1117 2847; baseline -0.007 -21"><span class='ocrx_word' id='word_1_133' title='bbox 130 2766 166 2826; x_wconf 90' lang='lat' dir='ltr'><strong><em>et</em></strong></span> <span class='ocrx_word' id='word_1_134' title='bbox 178 2765 283 2847; x_wconf 92' lang='lat' dir='ltr'><strong><em>opto,</em></strong></span> <span class='ocrx_word' id='word_1_135' title='bbox 309 2747 485 2822; x_wconf 76' lang='lat' dir='ltr'><strong><em>Ecclesiae</em></strong></span> <span class='ocrx_word' id='word_1_136' title='bbox 500 2766 633 2823; x_wconf 87' lang='lat' dir='ltr'><strong><em>vestras</em></strong></span> <span class='ocrx_word' id='word_1_137' title='bbox 648 2765 683 2822; x_wconf 89' lang='lat' dir='ltr'><strong><em>et</em></strong></span> <span class='ocrx_word' id='word_1_138' title='bbox 699 2764 838 2821; x_wconf 89' lang='lat' dir='ltr'><strong><em>nostras</em></strong></span> <span class='ocrx_word' id='word_1_139' title='bbox 851 2776 965 2822; x_wconf 91' lang='lat' dir='ltr'><strong><em>unum</em></strong></span> <span class='ocrx_word' id='word_1_140' title='bbox 986 2775 1059 2822; x_wconf 85' lang='lat' dir='ltr'><strong><em>esse</em></strong></span> <span class='ocrx_word' id='word_1_141' title='bbox 1077 2753 1117 2820; x_wconf 89' lang='lat' dir='ltr'><strong><em>in</em></strong></span> 
     </span>
     <span class='ocr_line' id='line_1_26' title="bbox 129 2851 1121 2947; baseline -0.009 -17"><span class='ocrx_word' id='word_1_142' title='bbox 129 2853 221 2930; x_wconf 89' lang='lat' dir='ltr'><strong><em>Deo.</em></strong></span> <span class='ocrx_word' id='word_1_143' title='bbox 272 2853 434 2944; x_wconf 81' lang='lat' dir='ltr'><strong><em>Pegellas</em></strong></span> <span class='ocrx_word' id='word_1_144' title='bbox 448 2852 630 2923; x_wconf 87' lang='lat' dir='ltr'><strong><em>concionis</em></strong></span> <span class='ocrx_word' id='word_1_145' title='bbox 644 2851 747 2922; x_wconf 84' lang='lat' dir='ltr'><strong><em>vobis</em></strong></span> <span class='ocrx_word' id='word_1_146' title='bbox 763 2853 885 2940; x_wconf 90' lang='lat' dir='ltr'><strong><em>mitto,</em></strong></span> <span class='ocrx_word' id='word_1_147' title='bbox 909 2876 999 2947; x_wconf 85' lang='lat' dir='ltr'><strong><em>quae</em></strong></span> <span class='ocrx_word' id='word_1_148' title='bbox 1013 2851 1121 2922; x_wconf 91' lang='lat' dir='ltr'><strong><em>Prin·</em></strong></span> 
     </span>
     <span class='ocr_line' id='line_1_27' title="bbox 131 2951 1121 3051; baseline -0.006 -23"><span class='ocrx_word' id='word_1_149' title='bbox 131 2957 204 3051; x_wconf 87' lang='lat' dir='ltr'><strong><em>cipi</em></strong></span> <span class='ocrx_word' id='word_1_150' title='bbox 223 2953 409 3028; x_wconf 89' lang='lat' dir='ltr'><strong><em>Prussiaco</em></strong></span> <span class='ocrx_word' id='word_1_151' title='bbox 434 2955 474 3024; x_wconf 91' lang='lat' dir='ltr'><strong><em>in</em></strong></span> <span class='ocrx_word' id='word_1_152' title='bbox 495 2951 622 3026; x_wconf 86' lang='lat' dir='ltr'><strong><em>itincre</em></strong></span> <span class='ocrx_word' id='word_1_153' title='bbox 645 2954 788 3024; x_wconf 89' lang='lat' dir='ltr'><strong><em>recitata</em></strong></span> <span class='ocrx_word' id='word_1_154' title='bbox 813 2968 884 3041; x_wconf 89' lang='lat' dir='ltr'><strong><em>est,</em></strong></span> <span class='ocrx_word' id='word_1_155' title='bbox 909 2979 991 3025; x_wconf 92' lang='lat' dir='ltr'><strong><em>cum</em></strong></span> <span class='ocrx_word' id='word_1_156' title='bbox 1011 2954 1121 3024; x_wconf 86' lang='lat' dir='ltr'><strong><em>filiam</em></strong></span> 
     </span>
     <span class='ocr_line' id='line_1_28' title="bbox 129 3053 1123 3131; baseline -0.005 -2"><span class='ocrx_word' id='word_1_157' title='bbox 129 3059 235 3131; x_wconf 83' lang='lat' dir='ltr'><strong><em>duxit</em></strong></span> <span class='ocrx_word' id='word_1_158' title='bbox 249 3057 502 3131; x_wconf 88' lang='lat' dir='ltr'><strong><em>Wismariam.</em></strong></span> <span class='ocrx_word' id='word_1_159' title='bbox 551 3053 651 3128; x_wconf 89' lang='lat' dir='ltr'><strong><em>Bene</em></strong></span> <span class='ocrx_word' id='word_1_160' title='bbox 671 3069 707 3128; x_wconf 89' lang='lat' dir='ltr'><strong><em>et</em></strong></span> <span class='ocrx_word' id='word_1_161' title='bbox 720 3055 871 3128; x_wconf 81' lang='lat' dir='ltr'><strong><em>feliciter</em></strong></span> <span class='ocrx_word' id='word_1_162' title='bbox 887 3057 1012 3128; x_wconf 88' lang='lat' dir='ltr'><strong><em>valete.</em></strong></span> <span class='ocrx_word' id='word_1_163' title='bbox 1062 3055 1123 3124; x_wconf 91' lang='lat' dir='ltr'><strong><em>die</em></strong></span> 
     </span>
    </p>
   </div>
   <div class='ocr_carea' id='block_1_9' title="bbox 128 3159 1074 3404">
    <p class='ocr_par' dir='ltr' id='par_1_9' title="bbox 128 3159 1074 3404">
     <span class='ocr_line' id='line_1_29' title="bbox 128 3159 324 3238; baseline 0 0"><span class='ocrx_word' id='word_1_164' title='bbox 128 3165 195 3238; x_wconf 64' lang='lat'><strong><em>23.</em></strong></span> <span class='ocrx_word' id='word_1_165' title='bbox 213 3159 324 3238; x_wconf 81' lang='lat' dir='ltr'><strong><em>Mart.</em></strong></span> 
     </span>
     <span class='ocr_line' id='line_1_30' title="bbox 872 3289 1074 3404; baseline 0.015 -38"><span class='ocrx_word' id='word_1_166' title='bbox 872 3289 1074 3404; x_wconf 82' lang='lat' dir='ltr'><strong><em>Pbilipput.</em></strong></span> 
     </span>
    </p>
   </div>
   <div class='ocr_carea' id='block_1_10' title="bbox 128 3691 338 3828">
    <p class='ocr_par' dir='ltr' id='par_1_10' title="bbox 128 3691 338 3828">
     <span class='ocr_line' id='line_1_31' title="bbox 128 3691 338 3828; baseline -0.005 -51"><span class='ocrx_word' id='word_1_167' title='bbox 128 3691 338 3828; x_wconf 59' lang='lat' dir='ltr'><strong><em>Q.</em></strong></span> 
     </span>
    </p>
   </div>
   <div class='ocr_carea' id='block_1_11' title="bbox 201 3698 1127 4149">
    <p class='ocr_par' dir='ltr' id='par_1_11' title="bbox 201 3698 1127 4149">
     <span class='ocr_line' id='line_1_32' title="bbox 963 3698 1127 3824; baseline 0.006 -1"><span class='ocrx_word' id='word_1_168' title='bbox 963 3698 1127 3824; x_wconf 68' lang='lat' dir='ltr'><strong><em>een</em></strong></span> 
     </span>
     <span class='ocr_line' id='line_1_33' title="bbox 481 3897 768 4008; baseline -0.003 -20"><span class='ocrx_word' id='word_1_169' title='bbox 481 3897 591 4008; x_wconf 78' lang='lat' dir='ltr'><strong><em>opt.</em></strong></span> <span class='ocrx_word' id='word_1_170' title='bbox 619 3897 768 3987; x_wconf 82' lang='lat' dir='ltr'><strong><em>Libia.</em></strong></span> 
     </span>
     <span class='ocr_line' id='line_1_34' title="bbox 201 4069 777 4149; baseline 0.003 -21"><span class='ocrx_word' id='word_1_171' title='bbox 201 4075 224 4141; x_wconf 73' lang='grc' dir='ltr'><strong><em>«Ι-</em></strong></span> <span class='ocrx_word' id='word_1_172' title='bbox 240 4071 278 4128; x_wconf 78' lang='lat' dir='ltr'><strong><em>to</em></strong></span> <span class='ocrx_word' id='word_1_173' title='bbox 293 4071 429 4149; x_wconf 75' lang='lat' dir='ltr'><strong><em>epagnin</em></strong></span> <span class='ocrx_word' id='word_1_174' title='bbox 444 4071 506 4129; x_wconf 79' lang='lat' dir='ltr'><strong><em>eorl.</em></strong></span> <span class='ocrx_word' id='word_1_175' title='bbox 519 4071 605 4129; x_wconf 80' lang='lat' dir='ltr'><strong><em>Paris.</em></strong></span> <span class='ocrx_word' id='word_1_176' title='bbox 621 4069 658 4128; x_wconf 78' lang='lat' dir='ltr'><strong><em>n.</em></strong></span> <span class='ocrx_word' id='word_1_177' title='bbox 673 4069 703 4128; x_wconf 66' lang='lat' dir='ltr'><strong><em>l.</em></strong></span> <span class='ocrx_word' id='word_1_178' title='bbox 714 4071 777 4130; x_wconf 76' lang='lat'><strong><em>54⁸.</em></strong></span> 
     </span>
    </p>
   </div>
   <div class='ocr_carea' id='block_1_12' title="bbox 165 4219 1103 4428">
    <p class='ocr_par' dir='ltr' id='par_1_12' title="bbox 165 4219 1103 4428">
     <span class='ocr_line' id='line_1_35' title="bbox 165 4219 1103 4330; baseline -0.002 -28"><span class='ocrx_word' id='word_1_179' title='bbox 165 4220 511 4330; x_wconf 72' lang='lat' dir='ltr'><strong><em>Christopltoro</em></strong></span> <span class='ocrx_word' id='word_1_180' title='bbox 533 4223 699 4316; x_wconf 86' lang='lat' dir='ltr'><strong><em>Libia,</em></strong></span> <span class='ocrx_word' id='word_1_181' title='bbox 734 4219 889 4300; x_wconf 82' lang='lat' dir='ltr'><strong><em>Pastori</em></strong></span> <span class='ocrx_word' id='word_1_182' title='bbox 909 4222 1103 4300; x_wconf 81' lang='lat' dir='ltr'><strong><em>Ecclesiae</em></strong></span> 
     </span>
     <span class='ocr_line' id='line_1_36' title="bbox 434 4327 824 4428; baseline -0.003 -25"><span class='ocrx_word' id='word_1_183' title='bbox 434 4327 824 4428; x_wconf 84' lang='lat' dir='ltr'><strong><em>Brandenborgenris.</em></strong></span> 
     </span>
    </p>
   </div>
   <div class='ocr_carea' id='block_1_13' title="bbox 129 4473 1126 4563">
    <p class='ocr_par' dir='ltr' id='par_1_13' title="bbox 129 4473 1126 4563">
     <span class='ocr_line' id='line_1_37' title="bbox 129 4473 1126 4563; baseline -0.013 0"><span class='ocrx_word' id='word_1_184' title='bbox 129 4473 183 4563; x_wconf 87' lang='lat' dir='ltr'><strong><em>S.</em></strong></span> <span class='ocrx_word' id='word_1_185' title='bbox 216 4483 261 4560; x_wconf 88' lang='lat' dir='ltr'><strong><em>n.</em></strong></span> <span class='ocrx_word' id='word_1_186' title='bbox 321 4481 534 4557; x_wconf 61' lang='lat' dir='ltr'><strong><em>arvernae</em></strong></span> <span class='ocrx_word' id='word_1_187' title='bbox 560 4483 618 4554; x_wconf 74' lang='lat' dir='ltr'><strong><em>va</em></strong></span> <span class='ocrx_word' id='word_1_188' title='bbox 653 4497 688 4556; x_wconf 74' lang='lat' dir='ltr'><strong><em>n</em></strong></span> <span class='ocrx_word' id='word_1_189' title='bbox 716 4481 833 4556; x_wconf 67' lang='lat' dir='ltr'><strong><em>eane.</em></strong></span> <span class='ocrx_word' id='word_1_190' title='bbox 866 4479 987 4551; x_wconf 72' lang='lat' dir='ltr'><strong><em>trata.</em></strong></span> <span class='ocrx_word' id='word_1_191' title='bbox 1042 4477 1126 4550; x_wconf 76' lang='lat' dir='ltr'><strong><em>en.</em></strong></span> 
     </span>
    </p>
   </div>
   <div class='ocr_carea' id='block_1_14' title="bbox 13 4583 1126 4684">
    <p class='ocr_par' dir='ltr' id='par_1_14' title="bbox 13 4583 1126 4684">
     <span class='ocr_line' id='line_1_38' title="bbox 13 4583 1126 4684; baseline -0.009 -20"><span class='ocrx_word' id='word_1_192' title='bbox 13 4615 16 4625; x_wconf 83' lang='grc'><strong>’</strong></span> <span class='ocrx_word' id='word_1_193' title='bbox 127 4613 233 4663; x_wconf 88' lang='lat' dir='ltr'><strong><em>mum</em></strong></span> <span class='ocrx_word' id='word_1_194' title='bbox 256 4585 454 4684; x_wconf 76' lang='grc' dir='ltr'><strong><em>εὐαγγέλια</em></strong></span> <span class='ocrx_word' id='word_1_195' title='bbox 477 4588 641 4658; x_wconf 88' lang='lat' dir='ltr'><strong><em>scribam.</em></strong></span> <span class='ocrx_word' id='word_1_196' title='bbox 692 4583 735 4654; x_wconf 96' lang='lat' dir='ltr'><strong><em>ln</em></strong></span> <span class='ocrx_word' id='word_1_197' title='bbox 759 4595 938 4655; x_wconf 89' lang='lat' dir='ltr'><strong><em>conventu</em></strong></span> <span class='ocrx_word' id='word_1_198' title='bbox 958 4605 1126 4678; x_wconf 75' lang='lat' dir='ltr'><strong><em>roonvp-</em></strong></span> 
     </span>
    </p>
   </div>
   <div class='ocr_carea' id='block_1_15' title="bbox 13 4681 1126 5088">
    <p class='ocr_par' dir='ltr' id='par_1_15' title="bbox 13 4681 1126 5088">
     <span class='ocr_line' id='line_1_39' title="bbox 124 4681 1126 4796; baseline -0.012 -30"><span class='ocrx_word' id='word_1_199' title='bbox 124 4687 257 4796; x_wconf 72' lang='grc' dir='ltr'>γησίῳ</span> <span class='ocrx_word' id='word_1_200' title='bbox 278 4691 457 4784; x_wconf 83' lang='lat' dir='ltr'><strong><em>principes</em></strong></span> <span class='ocrx_word' id='word_1_201' title='bbox 483 4711 624 4770; x_wconf 88' lang='lat' dir='ltr'><strong><em>omnes,</em></strong></span> <span class='ocrx_word' id='word_1_202' title='bbox 658 4683 777 4757; x_wconf 84' lang='lat' dir='ltr'><strong><em>Duces</em></strong></span> <span class='ocrx_word' id='word_1_203' title='bbox 796 4683 990 4768; x_wconf 78' lang='lat' dir='ltr'><strong><em>Senoniae,</em></strong></span> <span class='ocrx_word' id='word_1_204' title='bbox 1024 4681 1126 4755; x_wconf 91' lang='lat' dir='ltr'><strong><em>Mar-</em></strong></span> 
     </span>
     <span class='ocr_line' id='line_1_40' title="bbox 126 4787 1125 4882; baseline -0.013 -13"><span class='ocrx_word' id='word_1_205' title='bbox 126 4795 284 4869; x_wconf 84' lang='lat' dir='ltr'><strong><em>thiones</em></strong></span> <span class='ocrx_word' id='word_1_206' title='bbox 316 4805 350 4862; x_wconf 88' lang='lat' dir='ltr'><strong><em>et</em></strong></span> <span class='ocrx_word' id='word_1_207' title='bbox 382 4791 567 4882; x_wconf 86' lang='lat' dir='ltr'><strong><em>Principes</em></strong></span> <span class='ocrx_word' id='word_1_208' title='bbox 594 4787 772 4872; x_wconf 86' lang='lat' dir='ltr'><strong><em>llessiaci,</em></strong></span> <span class='ocrx_word' id='word_1_209' title='bbox 805 4789 1057 4866; x_wconf 88' lang='lat' dir='ltr'><strong><em>decreverunt,</em></strong></span> <span class='ocrx_word' id='word_1_210' title='bbox 1088 4809 1125 4856; x_wconf 89' lang='lat' dir='ltr'><strong><em>se</em></strong></span> 
     </span>
     <span class='ocr_line' id='line_1_41' title="bbox 122 4886 1124 4977; baseline -0.014 -5"><span class='ocrx_word' id='word_1_211' title='bbox 122 4923 206 4972; x_wconf 90' lang='lat' dir='ltr'><strong><em>non</em></strong></span> <span class='ocrx_word' id='word_1_212' title='bbox 226 4894 441 4966; x_wconf 87' lang='lat' dir='ltr'><strong><em>discessuros</em></strong></span> <span class='ocrx_word' id='word_1_213' title='bbox 457 4916 530 4962; x_wconf 87' lang='lat' dir='ltr'><strong><em>esse</em></strong></span> <span class='ocrx_word' id='word_1_214' title='bbox 554 4915 574 4960; x_wconf 84' lang='lat' dir='ltr'><strong><em>a</em></strong></span> <span class='ocrx_word' id='word_1_215' title='bbox 602 4889 821 4960; x_wconf 84' lang='lat' dir='ltr'><strong><em>consessione</em></strong></span> <span class='ocrx_word' id='word_1_216' title='bbox 837 4886 1061 4977; x_wconf 58' lang='lat' dir='ltr'><strong><em>Augusteum</em></strong></span> <span class='ocrx_word' id='word_1_217' title='bbox 1089 4901 1124 4959; x_wconf 90' lang='lat' dir='ltr'><strong><em>et</em></strong></span> 
     </span>
     <span class='ocr_line' id='line_1_42' title="bbox 13 4979 1124 5088; baseline -0.017 -9"><span class='ocrx_word' id='word_1_218' title='bbox 13 5048 23 5068; x_wconf 78' lang='lat'><strong><em>··</em></strong></span> <span class='ocrx_word' id='word_1_219' title='bbox 119 5007 177 5078; x_wconf 84' lang='lat' dir='ltr'><strong><em>de</em></strong></span> <span class='ocrx_word' id='word_1_220' title='bbox 192 4995 260 5072; x_wconf 81' lang='lat' dir='ltr'><strong><em>hec</em></strong></span> <span class='ocrx_word' id='word_1_221' title='bbox 272 5019 337 5068; x_wconf 80' lang='lat' dir='ltr'><strong><em>sun</em></strong></span> <span class='ocrx_word' id='word_1_222' title='bbox 350 4997 524 5069; x_wconf 81' lang='lat' dir='ltr'><strong><em>sententia</em></strong></span> <span class='ocrx_word' id='word_1_223' title='bbox 539 4993 756 5088; x_wconf 82' lang='lat' dir='ltr'><strong><em>scripserunt</em></strong></span> <span class='ocrx_word' id='word_1_224' title='bbox 771 5003 975 5061; x_wconf 85' lang='lat' dir='ltr'><strong><em>reverenter</em></strong></span> <span class='ocrx_word' id='word_1_225' title='bbox 988 4979 1124 5061; x_wconf 78' lang='lat' dir='ltr'><strong><em>atCa-</em></strong></span> 
     </span>
    </p>
   </div>
   <div class='ocr_carea' id='block_1_16' title="bbox 109 5167 357 5194">
    <p class='ocr_par' dir='ltr' id='par_1_16' title="bbox 109 5167 357 5194">
     <span class='ocr_line' id='line_1_43' title="bbox 109 5167 357 5194; baseline -0.004 0"><span class='ocrx_word' id='word_1_226' title='bbox 109 5167 357 5194; x_wconf 44' lang='grc' dir='ltr'><strong><em>μιν-ω</em></strong></span> 
     </span>
    </p>
   </div>
   <div class='ocr_carea' id='block_1_17' title="bbox 159 5253 1123 5470">
    <p class='ocr_par' dir='ltr' id='par_1_17' title="bbox 159 5253 1123 5470">
     <span class='ocr_line' id='line_1_44' title="bbox 159 5253 1123 5338; baseline -0.009 -19"><span class='ocrx_word' id='word_1_227' title='bbox 159 5265 195 5338; x_wconf 66' lang='grc' dir='ltr'><strong><em>Ι)</em></strong></span> <span class='ocrx_word' id='word_1_228' title='bbox 214 5263 278 5318; x_wconf 76' lang='lat' dir='ltr'><strong><em>tute</em></strong></span> <span class='ocrx_word' id='word_1_229' title='bbox 290 5261 338 5317; x_wconf 85' lang='lat' dir='ltr'><strong><em>ille</em></strong></span> <span class='ocrx_word' id='word_1_230' title='bbox 349 5269 518 5328; x_wconf 73' lang='lat' dir='ltr'><strong><em>conventus.</em></strong></span> <span class='ocrx_word' id='word_1_231' title='bbox 537 5259 570 5316; x_wconf 83' lang='lat' dir='ltr'><strong><em>de</em></strong></span> <span class='ocrx_word' id='word_1_232' title='bbox 583 5279 639 5333; x_wconf 82' lang='lat' dir='ltr'><strong><em>qno</em></strong></span> <span class='ocrx_word' id='word_1_233' title='bbox 655 5257 766 5315; x_wconf 82' lang='lat' dir='ltr'><strong><em>uberius</em></strong></span> <span class='ocrx_word' id='word_1_234' title='bbox 778 5256 947 5327; x_wconf 78' lang='lat' dir='ltr'><strong><em>ecriprernnt</em></strong></span> <span class='ocrx_word' id='word_1_235' title='bbox 962 5253 1083 5324; x_wconf 69' lang='lat' dir='ltr'><strong><em>&amp;ligius</em></strong></span> <span class='ocrx_word' id='word_1_236' title='bbox 1092 5254 1123 5310; x_wconf 89' lang='lat' dir='ltr'><strong><em>in</em></strong></span> 
     </span>
     <span class='ocr_line' id='line_1_45' title="bbox 201 5325 1120 5416; baseline -0.011 -26"><span class='ocrx_word' id='word_1_237' title='bbox 201 5335 345 5416; x_wconf 67' lang='lat' dir='ltr'><strong><em>nienburg.</em></strong></span> <span class='ocrx_word' id='word_1_238' title='bbox 358 5343 385 5386; x_wconf 87' lang='lat' dir='ltr'><strong><em>et</em></strong></span> <span class='ocrx_word' id='word_1_239' title='bbox 399 5333 489 5400; x_wconf 64' lang='lat' dir='ltr'><strong><em>vtae</em></strong></span> <span class='ocrx_word' id='word_1_240' title='bbox 499 5334 519 5388; x_wconf 86' lang='lat' dir='ltr'><strong><em>rt</em></strong></span> <span class='ocrx_word' id='word_1_241' title='bbox 531 5333 560 5413; x_wconf 75' lang='lat' dir='ltr'><strong><em>tn</em></strong></span> <span class='ocrx_word' id='word_1_242' title='bbox 570 5335 613 5389; x_wconf 81' lang='lat' dir='ltr'><strong><em>trs</em></strong></span> <span class='ocrx_word' id='word_1_243' title='bbox 631 5329 717 5412; x_wconf 61' lang='lat' dir='ltr'><strong><em>&amp;elcb-</em></strong></span> <span class='ocrx_word' id='word_1_244' title='bbox 733 5333 775 5387; x_wconf 82' lang='lat' dir='ltr'><strong><em>tet</em></strong></span> <span class='ocrx_word' id='word_1_245' title='bbox 789 5325 891 5410; x_wconf 59' lang='lat' dir='ltr'><strong><em>putet.</em></strong></span> <span class='ocrx_word' id='word_1_246' title='bbox 906 5325 1080 5410; x_wconf 62' lang='lat' dir='ltr'><strong><em>tebctegrtfft,</em></strong></span> <span class='ocrx_word' id='word_1_247' title='bbox 1093 5326 1120 5380; x_wconf 85' lang='lat' dir='ltr'><strong><em>d.</em></strong></span> 
     </span>
     <span class='ocr_line' id='line_1_46' title="bbox 201 5395 1119 5470; baseline -0.013 -8"><span class='ocrx_word' id='word_1_248' title='bbox 201 5401 331 5462; x_wconf 62' lang='lat' dir='ltr'><strong><em>&amp;Marus</em></strong></span> <span class='ocrx_word' id='word_1_249' title='bbox 344 5419 412 5456; x_wconf 79' lang='lat' dir='ltr'><strong><em>nnn.</em></strong></span> <span class='ocrx_word' id='word_1_250' title='bbox 428 5403 507 5459; x_wconf 90' lang='grc'><strong>1555.</strong></span> <span class='ocrx_word' id='word_1_251' title='bbox 526 5400 596 5456; x_wconf 68' lang='lat' dir='ltr'><strong><em>vite</em></strong></span> <span class='ocrx_word' id='word_1_252' title='bbox 609 5407 793 5456; x_wconf 65' lang='lat' dir='ltr'><strong><em>narrationem</em></strong></span> <span class='ocrx_word' id='word_1_253' title='bbox 801 5395 872 5453; x_wconf 79' lang='lat' dir='ltr'><strong><em>tto.</em></strong></span> <span class='ocrx_word' id='word_1_254' title='bbox 882 5413 912 5450; x_wconf 86' lang='lat' dir='ltr'><strong><em>ur</em></strong></span> <span class='ocrx_word' id='word_1_255' title='bbox 925 5395 1038 5470; x_wconf 76' lang='lat' dir='ltr'><strong><em>epistole</em></strong></span> <span class='ocrx_word' id='word_1_256' title='bbox 1048 5411 1119 5469; x_wconf 74' lang='lat' dir='ltr'><strong><em>que</em></strong></span> 
     </span>
    </p>
   </div>
   <div class='ocr_carea' id='block_1_18' title="bbox 193 5470 328 5547">
    <p class='ocr_par' dir='ltr' id='par_1_18' title="bbox 193 5470 328 5547">
     <span class='ocr_line' id='line_1_47' title="bbox 193 5470 328 5547; baseline 0.015 -21"><span class='ocrx_word' id='word_1_257' title='bbox 193 5470 328 5547; x_wconf 70' lang='lat' dir='ltr'><strong><em>equitur.</em></strong></span> 
     </span>
    </p>
   </div>
   <div class='ocr_carea' id='block_1_19' title="bbox 661 273 1597 385">
    <p class='ocr_par' dir='ltr' id='par_1_19' title="bbox 661 273 1597 385">
     <span class='ocr_line' id='line_1_48' title="bbox 661 273 1597 385; baseline 0.01 -30"><span class='ocrx_word' id='word_1_258' title='bbox 661 273 1144 385; x_wconf 39' lang='lat' dir='ltr'><strong><em>,nrrsronanou</em></strong></span> <span class='ocrx_word' id='word_1_259' title='bbox 1195 277 1413 361; x_wconf 81' lang='lat' dir='ltr'><strong><em>mnxu.</em></strong></span> <span class='ocrx_word' id='word_1_260' title='bbox 1465 281 1597 364; x_wconf 80' lang='lat' dir='ltr'><strong><em>sess.</em></strong></span> 
     </span>
    </p>
   </div>
   <div class='ocr_carea' id='block_1_20' title="bbox 2093 284 2171 365">
    <p class='ocr_par' dir='ltr' id='par_1_20' title="bbox 2093 284 2171 365">
     <span class='ocr_line' id='line_1_49' title="bbox 2093 284 2171 365; baseline 0.051 -4"><span class='ocrx_word' id='word_1_261' title='bbox 2093 284 2171 365; x_wconf 82' lang='lat' dir='ltr'><strong><em>tto</em></strong></span> 
     </span>
    </p>
   </div>
   <div class='ocr_carea' id='block_1_21' title="bbox 1175 441 2193 1872">
    <p class='ocr_par' dir='ltr' id='par_1_21' title="bbox 1175 441 2193 1872">
     <span class='ocr_line' id='line_1_50' title="bbox 1180 441 2168 552; baseline 0.01 -35"><span class='ocrx_word' id='word_1_262' title='bbox 1180 441 1303 520; x_wconf 86' lang='lat' dir='ltr'><strong><em>rolom</em></strong></span> <span class='ocrx_word' id='word_1_263' title='bbox 1320 446 1576 543; x_wconf 77' lang='lat' dir='ltr'><strong><em>Imperatorem</em></strong></span> <span class='ocrx_word' id='word_1_264' title='bbox 1595 465 1629 524; x_wconf 92' lang='lat' dir='ltr'><strong><em>et</em></strong></span> <span class='ocrx_word' id='word_1_265' title='bbox 1644 453 1690 524; x_wconf 87' lang='lat' dir='ltr'><strong><em>ad</em></strong></span> <span class='ocrx_word' id='word_1_266' title='bbox 1704 447 1904 552; x_wconf 85' lang='lat' dir='ltr'><strong><em>fratrem¹).</em></strong></span> <span class='ocrx_word' id='word_1_267' title='bbox 1955 449 2034 528; x_wconf 92' lang='lat' dir='ltr'><strong><em>Oro</em></strong></span> <span class='ocrx_word' id='word_1_268' title='bbox 2051 455 2168 527; x_wconf 87' lang='lat' dir='ltr'><strong><em>lilium</em></strong></span> 
     </span>
     <span class='ocr_line' id='line_1_51' title="bbox 1179 547 2173 648; baseline 0.011 -29"><span class='ocrx_word' id='word_1_269' title='bbox 1179 547 1267 638; x_wconf 89' lang='lat' dir='ltr'><strong><em>Dei,</em></strong></span> <span class='ocrx_word' id='word_1_270' title='bbox 1298 565 1341 626; x_wconf 88' lang='lat' dir='ltr'><strong><em>ut</em></strong></span> <span class='ocrx_word' id='word_1_271' title='bbox 1361 551 1536 626; x_wconf 80' lang='lat' dir='ltr'><strong><em>Ecclesiae</em></strong></span> <span class='ocrx_word' id='word_1_272' title='bbox 1562 569 1597 628; x_wconf 88' lang='lat' dir='ltr'><strong><em>et</em></strong></span> <span class='ocrx_word' id='word_1_273' title='bbox 1621 554 1799 647; x_wconf 86' lang='lat' dir='ltr'><strong><em>principes</em></strong></span> <span class='ocrx_word' id='word_1_274' title='bbox 1831 550 1959 626; x_wconf 88' lang='lat' dir='ltr'><strong><em>harum</em></strong></span> <span class='ocrx_word' id='word_1_275' title='bbox 1984 557 2173 648; x_wconf 86' lang='lat' dir='ltr'><strong><em>regionum</em></strong></span> 
     </span>
     <span class='ocr_line' id='line_1_52' title="bbox 1178 653 2193 746; baseline 0.009 -24"><span class='ocrx_word' id='word_1_276' title='bbox 1178 666 1350 746; x_wconf 89' lang='lat' dir='ltr'><strong><em>protegat.</em></strong></span> <span class='ocrx_word' id='word_1_277' title='bbox 1400 653 1493 728; x_wconf 93' lang='lat' dir='ltr'><strong><em>Urbi</em></strong></span> <span class='ocrx_word' id='word_1_278' title='bbox 1515 671 1650 728; x_wconf 85' lang='lat' dir='ltr'><strong><em>vestrae</em></strong></span> <span class='ocrx_word' id='word_1_279' title='bbox 1675 670 1710 728; x_wconf 91' lang='lat' dir='ltr'><strong><em>et</em></strong></span> <span class='ocrx_word' id='word_1_280' title='bbox 1730 657 1868 727; x_wconf 90' lang='lat' dir='ltr'><strong><em>civibus</em></strong></span> <span class='ocrx_word' id='word_1_281' title='bbox 1891 657 2017 728; x_wconf 87' lang='lat' dir='ltr'><strong><em>vestris</em></strong></span> <span class='ocrx_word' id='word_1_282' title='bbox 2041 659 2171 731; x_wconf 87' lang='lat' dir='ltr'><strong><em>debere</em></strong></span> <span class='ocrx_word' id='word_1_283' title='bbox 2191 741 2193 746; x_wconf 45' lang='grc'>,</span> 
     </span>
     <span class='ocr_line' id='line_1_53' title="bbox 1178 757 2173 852; baseline 0.01 -30"><span class='ocrx_word' id='word_1_284' title='bbox 1178 779 1235 825; x_wconf 89' lang='lat' dir='ltr'><strong><em>me</em></strong></span> <span class='ocrx_word' id='word_1_285' title='bbox 1260 757 1516 847; x_wconf 88' lang='lat' dir='ltr'><strong><em>gratitudinem</em></strong></span> <span class='ocrx_word' id='word_1_286' title='bbox 1539 760 1679 845; x_wconf 87' lang='lat' dir='ltr'><strong><em>iudico,</em></strong></span> <span class='ocrx_word' id='word_1_287' title='bbox 1712 759 1816 852; x_wconf 86' lang='lat' dir='ltr'><strong><em>quia,</em></strong></span> <span class='ocrx_word' id='word_1_288' title='bbox 1845 771 1886 830; x_wconf 90' lang='lat' dir='ltr'><strong><em>ut</em></strong></span> <span class='ocrx_word' id='word_1_289' title='bbox 1907 771 2042 830; x_wconf 89' lang='lat' dir='ltr'><strong><em>caetera</em></strong></span> <span class='ocrx_word' id='word_1_290' title='bbox 2064 761 2173 833; x_wconf 89' lang='lat' dir='ltr'><strong><em>omit-</em></strong></span> 
     </span>
     <span class='ocr_line' id='line_1_54' title="bbox 1178 858 2172 956; baseline 0.009 -30"><span class='ocrx_word' id='word_1_291' title='bbox 1178 869 1271 941; x_wconf 89' lang='lat' dir='ltr'><strong><em>tam,</em></strong></span> <span class='ocrx_word' id='word_1_292' title='bbox 1296 858 1410 950; x_wconf 86' lang='lat' dir='ltr'><strong><em>patria</em></strong></span> <span class='ocrx_word' id='word_1_293' title='bbox 1434 874 1488 934; x_wconf 87' lang='lat' dir='ltr'><strong><em>est</em></strong></span> <span class='ocrx_word' id='word_1_294' title='bbox 1511 885 1670 934; x_wconf 87' lang='lat' dir='ltr'><strong><em>mearum</em></strong></span> <span class='ocrx_word' id='word_1_295' title='bbox 1685 860 1858 946; x_wconf 85' lang='lat' dir='ltr'><strong><em>filiarum,</em></strong></span> <span class='ocrx_word' id='word_1_296' title='bbox 1883 882 1991 956; x_wconf 87' lang='lat' dir='ltr'><strong><em>quas,</em></strong></span> <span class='ocrx_word' id='word_1_297' title='bbox 2015 875 2057 934; x_wconf 89' lang='lat' dir='ltr'><strong><em>ut</em></strong></span> <span class='ocrx_word' id='word_1_298' title='bbox 2072 859 2172 934; x_wconf 82' lang='lat' dir='ltr'><strong><em>Deus</em></strong></span> 
     </span>
     <span class='ocr_line' id='line_1_55' title="bbox 1178 961 2172 1054; baseline 0.008 -26"><span class='ocrx_word' id='word_1_299' title='bbox 1178 961 1377 1050; x_wconf 88' lang='lat' dir='ltr'><strong><em>praecepit,</em></strong></span> <span class='ocrx_word' id='word_1_300' title='bbox 1403 962 1535 1054; x_wconf 87' lang='lat' dir='ltr'><strong><em>diligo,</em></strong></span> <span class='ocrx_word' id='word_1_301' title='bbox 1559 977 1594 1036; x_wconf 88' lang='lat' dir='ltr'><strong><em>et</em></strong></span> <span class='ocrx_word' id='word_1_302' title='bbox 1610 964 1696 1049; x_wconf 91' lang='lat' dir='ltr'><strong><em>scis,</em></strong></span> <span class='ocrx_word' id='word_1_303' title='bbox 1723 963 1897 1034; x_wconf 83' lang='lat' dir='ltr'><strong><em>divinitus</em></strong></span> <span class='ocrx_word' id='word_1_304' title='bbox 1912 965 2073 1036; x_wconf 87' lang='lat' dir='ltr'><strong><em>conditas</em></strong></span> <span class='ocrx_word' id='word_1_305' title='bbox 2096 987 2172 1036; x_wconf 85' lang='lat' dir='ltr'><strong><em>esse</em></strong></span> 
     </span>
     <span class='ocr_line' id='line_1_56' title="bbox 1178 1057 2172 1162; baseline 0.004 -30"><span class='ocrx_word' id='word_1_306' title='bbox 1178 1057 1340 1162; x_wconf 76' lang='lat' dir='ltr'><strong><em>oropyolc</em></strong></span> <span class='ocrx_word' id='word_1_307' title='bbox 1371 1061 1410 1132; x_wconf 91' lang='lat' dir='ltr'><strong><em>in</em></strong></span> <span class='ocrx_word' id='word_1_308' title='bbox 1442 1061 1630 1136; x_wconf 89' lang='lat' dir='ltr'><strong><em>bominum</em></strong></span> <span class='ocrx_word' id='word_1_309' title='bbox 1665 1066 1880 1158; x_wconf 87' lang='lat' dir='ltr'><strong><em>pectoribus.</em></strong></span> <span class='ocrx_word' id='word_1_310' title='bbox 1939 1061 2172 1138; x_wconf 80' lang='lat' dir='ltr'><strong><em>Adolescenti</em></strong></span> 
     </span>
     <span class='ocr_line' id='line_1_57' title="bbox 1177 1167 2171 1260; baseline 0.009 -29"><span class='ocrx_word' id='word_1_311' title='bbox 1177 1179 1316 1247; x_wconf 88' lang='lat' dir='ltr'><strong><em>autem,</em></strong></span> <span class='ocrx_word' id='word_1_312' title='bbox 1351 1167 1396 1234; x_wconf 92' lang='lat' dir='ltr'><strong><em>de</em></strong></span> <span class='ocrx_word' id='word_1_313' title='bbox 1418 1191 1490 1260; x_wconf 90' lang='lat' dir='ltr'><strong><em>quo</em></strong></span> <span class='ocrx_word' id='word_1_314' title='bbox 1511 1167 1655 1255; x_wconf 87' lang='lat' dir='ltr'><strong><em>scribis,</em></strong></span> <span class='ocrx_word' id='word_1_315' title='bbox 1688 1167 1808 1239; x_wconf 89' lang='lat' dir='ltr'><strong><em>iudico</em></strong></span> <span class='ocrx_word' id='word_1_316' title='bbox 1831 1167 1921 1239; x_wconf 88' lang='lat' dir='ltr'><strong><em>utile</em></strong></span> <span class='ocrx_word' id='word_1_317' title='bbox 1952 1190 2027 1238; x_wconf 89' lang='lat' dir='ltr'><strong><em>esse</em></strong></span> <span class='ocrx_word' id='word_1_318' title='bbox 2050 1169 2171 1258; x_wconf 88' lang='lat' dir='ltr'><strong><em>initio,</em></strong></span> 
     </span>
     <span class='ocr_line' id='line_1_58' title="bbox 1175 1266 2171 1362; baseline 0.005 -27"><span class='ocrx_word' id='word_1_319' title='bbox 1175 1279 1217 1336; x_wconf 90' lang='lat' dir='ltr'><strong><em>ut</em></strong></span> <span class='ocrx_word' id='word_1_320' title='bbox 1233 1266 1279 1336; x_wconf 91' lang='lat' dir='ltr'><strong><em>sit</em></strong></span> <span class='ocrx_word' id='word_1_321' title='bbox 1295 1268 1390 1358; x_wconf 88' lang='lat' dir='ltr'><strong><em>apud</em></strong></span> <span class='ocrx_word' id='word_1_322' title='bbox 1407 1284 1667 1362; x_wconf 88' lang='lat' dir='ltr'><strong><em>praeceptorem</em></strong></span> <span class='ocrx_word' id='word_1_323' title='bbox 1686 1270 1938 1355; x_wconf 66' lang='lat' dir='ltr'><strong><em>domesticum</em></strong></span> <span class='ocrx_word' id='word_1_324' title='bbox 1961 1269 2043 1340; x_wconf 90' lang='lat' dir='ltr'><strong><em>ideo</em></strong></span> <span class='ocrx_word' id='word_1_325' title='bbox 2063 1292 2171 1360; x_wconf 89' lang='lat' dir='ltr'><strong><em>gene-</em></strong></span> 
     </span>
     <span class='ocr_line' id='line_1_59' title="bbox 1175 1367 2171 1462; baseline 0.004 -26"><span class='ocrx_word' id='word_1_326' title='bbox 1175 1391 1256 1436; x_wconf 92' lang='lat' dir='ltr'><strong><em>rum</em></strong></span> <span class='ocrx_word' id='word_1_327' title='bbox 1272 1369 1427 1439; x_wconf 90' lang='lat' dir='ltr'><strong><em>doctoris</em></strong></span> <span class='ocrx_word' id='word_1_328' title='bbox 1446 1367 1549 1452; x_wconf 90' lang='lat' dir='ltr'><strong><em>Viti,</em></strong></span> <span class='ocrx_word' id='word_1_329' title='bbox 1575 1369 1788 1462; x_wconf 86' lang='lat' dir='ltr'><strong><em>Magistrum</em></strong></span> <span class='ocrx_word' id='word_1_330' title='bbox 1806 1367 2088 1459; x_wconf 84' lang='lat' dir='ltr'><strong><em>Sebastianum,</em></strong></span> <span class='ocrx_word' id='word_1_331' title='bbox 2114 1372 2171 1440; x_wconf 88' lang='lat' dir='ltr'><strong><em>vi-</em></strong></span> 
     </span>
     <span class='ocr_line' id='line_1_60' title="bbox 1176 1466 2170 1564; baseline 0.006 -26"><span class='ocrx_word' id='word_1_332' title='bbox 1176 1493 1256 1540; x_wconf 88' lang='lat' dir='ltr'><strong><em>rum</em></strong></span> <span class='ocrx_word' id='word_1_333' title='bbox 1279 1466 1469 1542; x_wconf 85' lang='lat' dir='ltr'><strong><em>honestum</em></strong></span> <span class='ocrx_word' id='word_1_334' title='bbox 1490 1485 1525 1542; x_wconf 88' lang='lat' dir='ltr'><strong><em>et</em></strong></span> <span class='ocrx_word' id='word_1_335' title='bbox 1546 1489 1722 1546; x_wconf 87' lang='lat' dir='ltr'><strong><em>amantem</em></strong></span> <span class='ocrx_word' id='word_1_336' title='bbox 1743 1474 1971 1564; x_wconf 90' lang='lat' dir='ltr'><strong><em>discipliuae,</em></strong></span> <span class='ocrx_word' id='word_1_337' title='bbox 1993 1475 2170 1546; x_wconf 87' lang='lat' dir='ltr'><strong><em>allocutus</em></strong></span> 
     </span>
     <span class='ocr_line' id='line_1_61' title="bbox 1175 1573 2170 1666; baseline 0.005 -25"><span class='ocrx_word' id='word_1_338' title='bbox 1175 1593 1275 1658; x_wconf 89' lang='lat' dir='ltr'><strong><em>sum,</em></strong></span> <span class='ocrx_word' id='word_1_339' title='bbox 1308 1573 1371 1666; x_wconf 90' lang='lat' dir='ltr'><strong><em>qui</em></strong></span> <span class='ocrx_word' id='word_1_340' title='bbox 1395 1574 1462 1656; x_wconf 90' lang='lat' dir='ltr'><strong><em>ait,</em></strong></span> <span class='ocrx_word' id='word_1_341' title='bbox 1493 1574 1651 1646; x_wconf 84' lang='lat' dir='ltr'><strong><em>officium</em></strong></span> <span class='ocrx_word' id='word_1_342' title='bbox 1675 1598 1778 1646; x_wconf 87' lang='lat' dir='ltr'><strong><em>suum</em></strong></span> <span class='ocrx_word' id='word_1_343' title='bbox 1803 1577 1905 1646; x_wconf 89' lang='lat' dir='ltr'><strong><em>vobis</em></strong></span> <span class='ocrx_word' id='word_1_344' title='bbox 1925 1599 2000 1646; x_wconf 88' lang='lat' dir='ltr'><strong><em>nou</em></strong></span> <span class='ocrx_word' id='word_1_345' title='bbox 2025 1576 2170 1646; x_wconf 85' lang='lat' dir='ltr'><strong><em>delutu-</em></strong></span> 
     </span>
     <span class='ocr_line' id='line_1_62' title="bbox 1175 1671 2169 1756; baseline 0.007 -13"><span class='ocrx_word' id='word_1_346' title='bbox 1175 1698 1256 1743; x_wconf 90' lang='lat' dir='ltr'><strong><em>rum</em></strong></span> <span class='ocrx_word' id='word_1_347' title='bbox 1271 1695 1356 1749; x_wconf 88' lang='lat' dir='ltr'><strong><em>esse.</em></strong></span> <span class='ocrx_word' id='word_1_348' title='bbox 1406 1671 1550 1746; x_wconf 84' lang='lat' dir='ltr'><strong><em>Etcum</em></strong></span> <span class='ocrx_word' id='word_1_349' title='bbox 1571 1671 1641 1748; x_wconf 91' lang='lat' dir='ltr'><strong><em>buc</em></strong></span> <span class='ocrx_word' id='word_1_350' title='bbox 1657 1677 1892 1756; x_wconf 85' lang='lat' dir='ltr'><strong><em>adveneritis.</em></strong></span> <span class='ocrx_word' id='word_1_351' title='bbox 1914 1677 2106 1750; x_wconf 87' lang='lat' dir='ltr'><strong><em>deliberari</em></strong></span> <span class='ocrx_word' id='word_1_352' title='bbox 2122 1679 2169 1750; x_wconf 85' lang='lat' dir='ltr'><strong><em>de</em></strong></span> 
     </span>
     <span class='ocr_line' id='line_1_63' title="bbox 1175 1773 2170 1872; baseline 0.005 -26"><span class='ocrx_word' id='word_1_353' title='bbox 1175 1789 1249 1847; x_wconf 88' lang='lat' dir='ltr'><strong><em>tota</em></strong></span> <span class='ocrx_word' id='word_1_354' title='bbox 1272 1801 1311 1846; x_wconf 89' lang='lat' dir='ltr'><strong><em>re</em></strong></span> <span class='ocrx_word' id='word_1_355' title='bbox 1334 1779 1555 1848; x_wconf 90' lang='lat' dir='ltr'><strong><em>commodius</em></strong></span> <span class='ocrx_word' id='word_1_356' title='bbox 1574 1779 1715 1872; x_wconf 90' lang='lat' dir='ltr'><strong><em>poterit.</em></strong></span> <span class='ocrx_word' id='word_1_357' title='bbox 1771 1773 1956 1864; x_wconf 81' lang='lat' dir='ltr'><strong><em>Sabinus,</em></strong></span> <span class='ocrx_word' id='word_1_358' title='bbox 1989 1793 2030 1851; x_wconf 89' lang='lat' dir='ltr'><strong><em>ut</em></strong></span> <span class='ocrx_word' id='word_1_359' title='bbox 2054 1802 2170 1872; x_wconf 87' lang='lat' dir='ltr'><strong><em>spero,</em></strong></span> 
     </span>
    </p>
   </div>
   <div class='ocr_carea' id='block_1_22' title="bbox 1174 1878 2172 2183">
    <p class='ocr_par' dir='ltr' id='par_1_22' title="bbox 1174 1878 2172 2183">
     <span class='ocr_line' id='line_1_64' title="bbox 1174 1878 2171 1974; baseline 0.006 -27"><span class='ocrx_word' id='word_1_360' title='bbox 1174 1879 1288 1948; x_wconf 87' lang='lat' dir='ltr'><strong><em>aderit</em></strong></span> <span class='ocrx_word' id='word_1_361' title='bbox 1307 1878 1470 1970; x_wconf 82' lang='lat' dir='ltr'><strong><em>proximo</em></strong></span> <span class='ocrx_word' id='word_1_362' title='bbox 1493 1904 1633 1968; x_wconf 87' lang='lat' dir='ltr'><strong><em>mense,</em></strong></span> <span class='ocrx_word' id='word_1_363' title='bbox 1668 1879 1730 1974; x_wconf 91' lang='lat' dir='ltr'><strong><em>qui</em></strong></span> <span class='ocrx_word' id='word_1_364' title='bbox 1759 1905 1839 1950; x_wconf 91' lang='lat' dir='ltr'><strong><em>cum</em></strong></span> <span class='ocrx_word' id='word_1_365' title='bbox 1862 1882 2000 1951; x_wconf 88' lang='lat' dir='ltr'><strong><em>venerit</em></strong></span> <span class='ocrx_word' id='word_1_366' title='bbox 2021 1883 2066 1950; x_wconf 85' lang='lat' dir='ltr'><strong><em>ad</em></strong></span> <span class='ocrx_word' id='word_1_367' title='bbox 2092 1905 2171 1968; x_wconf 87' lang='lat' dir='ltr'><strong><em>nos,</em></strong></span> 
     </span>
     <span class='ocr_line' id='line_1_65' title="bbox 1174 1977 2172 2076; baseline 0.002 -26"><span class='ocrx_word' id='word_1_368' title='bbox 1174 1981 1379 2072; x_wconf 85' lang='lat' dir='ltr'><strong><em>expatiabor</em></strong></span> <span class='ocrx_word' id='word_1_369' title='bbox 1396 2005 1476 2051; x_wconf 90' lang='lat' dir='ltr'><strong><em>curn</em></strong></span> <span class='ocrx_word' id='word_1_370' title='bbox 1492 1977 1623 2076; x_wconf 80' lang='lat' dir='ltr'><strong><em>lilia²).</em></strong></span> <span class='ocrx_word' id='word_1_371' title='bbox 1663 1981 1761 2055; x_wconf 90' lang='lat' dir='ltr'><strong><em>Bene</em></strong></span> <span class='ocrx_word' id='word_1_372' title='bbox 1777 1983 1868 2058; x_wconf 87' lang='lat' dir='ltr'><strong><em>vale.</em></strong></span> <span class='ocrx_word' id='word_1_373' title='bbox 1907 1981 1975 2054; x_wconf 91' lang='lat' dir='ltr'><strong><em>Die</em></strong></span> <span class='ocrx_word' id='word_1_374' title='bbox 1988 1983 2050 2058; x_wconf 73' lang='lat'><strong><em>23.</em></strong></span> <span class='ocrx_word' id='word_1_375' title='bbox 2067 1981 2172 2053; x_wconf 88' lang='lat' dir='ltr'><strong><em>Mar-</em></strong></span> 
     </span>
     <span class='ocr_line' id='line_1_66' title="bbox 1174 2078 1575 2183; baseline 0 -29"><span class='ocrx_word' id='word_1_376' title='bbox 1174 2082 1226 2154; x_wconf 89' lang='lat' dir='ltr'><strong><em>tii.</em></strong></span> <span class='ocrx_word' id='word_1_377' title='bbox 1254 2078 1575 2183; x_wconf 81' lang='lat' dir='ltr'><strong><em>[annn1654.]³)</em></strong></span> 
     </span>
    </p>
   </div>
   <div class='ocr_carea' id='block_1_23' title="bbox 1913 2196 2118 2299">
    <p class='ocr_par' dir='ltr' id='par_1_23' title="bbox 1913 2196 2118 2299">
     <span class='ocr_line' id='line_1_67' title="bbox 1913 2196 2118 2299; baseline 0.029 -26"><span class='ocrx_word' id='word_1_378' title='bbox 1913 2196 2118 2299; x_wconf 68' lang='lat' dir='ltr'><strong><em>Philippus.</em></strong></span> 
     </span>
    </p>
   </div>
   <div class='ocr_carea' id='block_1_24' title="bbox 1223 2361 2019 2748">
    <p class='ocr_par' dir='ltr' id='par_1_24' title="bbox 1223 2361 2019 2748">
     <span class='ocr_line' id='line_1_68' title="bbox 1275 2361 2017 2460; baseline -0.001 -21"><span class='ocrx_word' id='word_1_379' title='bbox 1275 2363 1433 2440; x_wconf 89' lang='lat' dir='ltr'><strong><em>Salutem</em></strong></span> <span class='ocrx_word' id='word_1_380' title='bbox 1456 2381 1540 2460; x_wconf 88' lang='lat' dir='ltr'><strong><em>opto</em></strong></span> <span class='ocrx_word' id='word_1_381' title='bbox 1552 2364 1766 2442; x_wconf 87' lang='lat' dir='ltr'><strong><em>Reverendo</em></strong></span> <span class='ocrx_word' id='word_1_382' title='bbox 1782 2363 1828 2441; x_wconf 89' lang='lat' dir='ltr'><strong><em>D.</em></strong></span> <span class='ocrx_word' id='word_1_383' title='bbox 1842 2361 2017 2452; x_wconf 90' lang='lat' dir='ltr'><strong><em>Kittelio,</em></strong></span> 
     </span>
     <span class='ocr_line' id='line_1_69' title="bbox 1226 2465 2015 2544; baseline -0.003 -4"><span class='ocrx_word' id='word_1_384' title='bbox 1226 2483 1261 2542; x_wconf 83' lang='lat' dir='ltr'><strong><em>et</em></strong></span> <span class='ocrx_word' id='word_1_385' title='bbox 1283 2471 1386 2541; x_wconf 85' lang='lat' dir='ltr'><strong><em>vobis</em></strong></span> <span class='ocrx_word' id='word_1_386' title='bbox 1406 2471 1586 2544; x_wconf 89' lang='lat' dir='ltr'><strong><em>omnibus.</em></strong></span> <span class='ocrx_word' id='word_1_387' title='bbox 1639 2465 1734 2540; x_wconf 86' lang='lat' dir='ltr'><strong><em>Ante</em></strong></span> <span class='ocrx_word' id='word_1_388' title='bbox 1750 2469 1910 2540; x_wconf 87' lang='lat' dir='ltr'><strong><em>triduum</em></strong></span> <span class='ocrx_word' id='word_1_389' title='bbox 1930 2469 2015 2540; x_wconf 86' lang='lat' dir='ltr'><strong><em>misi</em></strong></span> 
     </span>
     <span class='ocr_line' id='line_1_70' title="bbox 1225 2573 2019 2670; baseline 0 -28"><span class='ocrx_word' id='word_1_390' title='bbox 1225 2573 1400 2665; x_wconf 90' lang='lat' dir='ltr'><strong><em>pagellas,</em></strong></span> <span class='ocrx_word' id='word_1_391' title='bbox 1432 2573 1630 2670; x_wconf 80' lang='lat' dir='ltr'><strong><em>dequibus</em></strong></span> <span class='ocrx_word' id='word_1_392' title='bbox 1654 2586 1797 2667; x_wconf 85' lang='lat' dir='ltr'><strong><em>expecto</em></strong></span> <span class='ocrx_word' id='word_1_393' title='bbox 1831 2585 1867 2644; x_wconf 83' lang='lat' dir='ltr'><strong><em>et</em></strong></span> <span class='ocrx_word' id='word_1_394' title='bbox 1896 2573 2019 2665; x_wconf 78' lang='lat' dir='ltr'><strong><em>flagito</em></strong></span> 
     </span>
     <span class='ocr_line' id='line_1_71' title="bbox 1223 2674 1448 2748; baseline 0.009 -2"><span class='ocrx_word' id='word_1_395' title='bbox 1223 2687 1302 2746; x_wconf 88' lang='lat' dir='ltr'><strong><em>tuas</em></strong></span> <span class='ocrx_word' id='word_1_396' title='bbox 1316 2674 1448 2748; x_wconf 85' lang='lat' dir='ltr'><strong><em>literas.</em></strong></span> 
     </span>
    </p>
   </div>
   <div class='ocr_carea' id='block_1_25' title="bbox 1175 3075 1369 3155">
    <p class='ocr_par' dir='ltr' id='par_1_25' title="bbox 1175 3075 1369 3155">
     <span class='ocr_line' id='line_1_72' title="bbox 1175 3075 1369 3155; baseline 0.015 -3"><span class='ocrx_word' id='word_1_397' title='bbox 1175 3079 1241 3152; x_wconf 85' lang='lat' dir='ltr'><strong><em>No.</em></strong></span> <span class='ocrx_word' id='word_1_398' title='bbox 1253 3075 1369 3155; x_wconf 79' lang='lat'><strong><em>5754.</em></strong></span> 
     </span>
    </p>
   </div>
   <div class='ocr_carea' id='block_1_26' title="bbox 1181 3175 1354 3208">
    <p class='ocr_par' dir='ltr' id='par_1_26' title="bbox 1181 3175 1354 3208">
     <span class='ocr_line' id='line_1_73' title="bbox 1181 3175 1354 3208; baseline -0.012 0"><span class='ocrx_word' id='word_1_399' title='bbox 1181 3175 1354 3208; x_wconf 54' lang='lat' dir='ltr'><em>m</em></span> 
     </span>
    </p>
   </div>
   <div class='ocr_carea' id='block_1_27' title="bbox 1895 3083 2169 3217">
    <p class='ocr_par' dir='ltr' id='par_1_27' title="bbox 1895 3083 2169 3217">
     <span class='ocr_line' id='line_1_74' title="bbox 1895 3083 2169 3217; baseline -0.004 -69"><span class='ocrx_word' id='word_1_400' title='bbox 1895 3083 2169 3217; x_wconf 57' lang='lat' dir='ltr'><em>Q</em></span> 
     </span>
    </p>
   </div>
   <div class='ocr_carea' id='block_1_28' title="bbox 1598 3275 1740 3370">
    <p class='ocr_par' dir='ltr' id='par_1_28' title="bbox 1598 3275 1740 3370">
     <span class='ocr_line' id='line_1_75' title="bbox 1598 3275 1740 3370; baseline 0 -5"><span class='ocrx_word' id='word_1_401' title='bbox 1598 3275 1740 3370; x_wconf 79' lang='grc' dir='ltr'><strong>Ν.Ν.</strong></span> 
     </span>
    </p>
   </div>
   <div class='ocr_carea' id='block_1_29' title="bbox 1246 3431 2191 3654">
    <p class='ocr_par' dir='ltr' id='par_1_29' title="bbox 1246 3431 2191 3654">
     <span class='ocr_line' id='line_1_76' title="bbox 1246 3431 2191 3509; baseline 0 -17"><span class='ocrx_word' id='word_1_402' title='bbox 1246 3435 1411 3496; x_wconf 70' lang='lat' dir='ltr'><strong><em>constetne.</em></strong></span> <span class='ocrx_word' id='word_1_403' title='bbox 1424 3436 1499 3496; x_wconf 80' lang='lat' dir='ltr'><strong><em>Part.</em></strong></span> <span class='ocrx_word' id='word_1_404' title='bbox 1512 3434 1547 3494; x_wconf 94' lang='lat' dir='ltr'><strong><em>ll.</em></strong></span> <span class='ocrx_word' id='word_1_405' title='bbox 1560 3455 1589 3509; x_wconf 92' lang='lat' dir='ltr'><strong><em>p.</em></strong></span> <span class='ocrx_word' id='word_1_406' title='bbox 1607 3436 1656 3490; x_wconf 81' lang='grc'><strong><em>188</em></strong></span> <span class='ocrx_word' id='word_1_407' title='bbox 1668 3455 1725 3509; x_wconf 68' lang='grc' dir='ltr'><strong><em>ιφ,</em></strong></span> <span class='ocrx_word' id='word_1_408' title='bbox 1741 3435 1789 3492; x_wconf 82' lang='lat' dir='ltr'><strong><em>nbi</em></strong></span> <span class='ocrx_word' id='word_1_409' title='bbox 1808 3431 1984 3492; x_wconf 72' lang='lat' dir='ltr'><strong><em>immibitnrt</em></strong></span> <span class='ocrx_word' id='word_1_410' title='bbox 2004 3471 2027 3501; x_wconf 89' lang='lat'>„</span> <span class='ocrx_word' id='word_1_411' title='bbox 2037 3433 2171 3491; x_wconf 69' lang='lat' dir='ltr'><strong><em>Henaton</em></strong></span> <span class='ocrx_word' id='word_1_412' title='bbox 2190 3489 2191 3492; x_wconf 76' lang='grc'>,</span> 
     </span>
     <span class='ocr_line' id='line_1_77' title="bbox 1278 3497 2179 3654; baseline -0.004 -20"><span class='ocrx_word' id='word_1_413' title='bbox 1278 3506 1922 3654; x_wconf 57' lang='lat' dir='ltr'><strong><em>ffltt&#39;dl&#39;ttlfflttlt&#39;tssttd‘t</em></strong></span> <span class='ocrx_word' id='word_1_414' title='bbox 1940 3523 1960 3559; x_wconf 81' lang='lat'><em>⁰</em></span> <span class='ocrx_word' id='word_1_415' title='bbox 1971 3501 2047 3560; x_wconf 53' lang='grc' dir='ltr'><strong><em>Μ’·</em></strong></span> <span class='ocrx_word' id='word_1_416' title='bbox 2062 3497 2179 3571; x_wconf 50' lang='grc' dir='ltr'><strong>Μ</strong></span> 
     </span>
    </p>
   </div>
   <div class='ocr_carea' id='block_1_30' title="bbox 1604 3726 1739 3812">
    <p class='ocr_par' dir='ltr' id='par_1_30' title="bbox 1604 3726 1739 3812">
     <span class='ocr_line' id='line_1_78' title="bbox 1604 3726 1739 3812; baseline -0.015 0"><span class='ocrx_word' id='word_1_417' title='bbox 1604 3726 1739 3812; x_wconf 90' lang='grc' dir='ltr'><strong>Ν.Ν.</strong></span> 
     </span>
    </p>
   </div>
   <div class='ocr_carea' id='block_1_31' title="bbox 1178 3845 2172 3978">
    <p class='ocr_par' dir='ltr' id='par_1_31' title="bbox 1178 3845 2172 3978">
     <span class='ocr_line' id='line_1_79' title="bbox 1178 3845 2172 3978; baseline 0 -26"><span class='ocrx_word' id='word_1_418' title='bbox 1178 3845 1296 3953; x_wconf 73' lang='lat' dir='ltr'><strong><em>rinno</em></strong></span> <span class='ocrx_word' id='word_1_419' title='bbox 1321 3906 1341 3952; x_wconf 87' lang='lat' dir='ltr'><strong><em>a</em></strong></span> <span class='ocrx_word' id='word_1_420' title='bbox 1354 3879 1474 3958; x_wconf 83' lang='lat' dir='ltr'><strong><em>Natali</em></strong></span> <span class='ocrx_word' id='word_1_421' title='bbox 1495 3880 1609 3952; x_wconf 83' lang='lat' dir='ltr'><strong><em>nostri</em></strong></span> <span class='ocrx_word' id='word_1_422' title='bbox 1624 3879 1702 3952; x_wconf 89' lang='lat' dir='ltr'><strong><em>lesu</em></strong></span> <span class='ocrx_word' id='word_1_423' title='bbox 1716 3875 1852 3952; x_wconf 90' lang='lat' dir='ltr'><strong><em>Cbristi</em></strong></span> <span class='ocrx_word' id='word_1_424' title='bbox 1867 3875 1978 3955; x_wconf 84' lang='grc'><strong>1554.</strong></span> <span class='ocrx_word' id='word_1_425' title='bbox 1988 3872 2027 3978; x_wconf 79' lang='lat'><strong><em>⁸)</em></strong></span> <span class='ocrx_word' id='word_1_426' title='bbox 2041 3879 2172 3952; x_wconf 86' lang='lat' dir='ltr'><strong><em>Mense</em></strong></span> 
     </span>
    </p>
   </div>
   <div class='ocr_carea' id='block_1_32' title="bbox 1175 3980 2171 4890">
    <p class='ocr_par' dir='ltr' id='par_1_32' title="bbox 1175 3980 2171 4890">
     <span class='ocr_line' id='line_1_80' title="bbox 1178 3980 2171 4074; baseline -0.002 -20"><span class='ocrx_word' id='word_1_427' title='bbox 1178 3983 1334 4070; x_wconf 86' lang='lat' dir='ltr'><strong><em>Martio,</em></strong></span> <span class='ocrx_word' id='word_1_428' title='bbox 1356 3981 1540 4072; x_wconf 85' lang='lat' dir='ltr'><strong><em>Neoburgi</em></strong></span> <span class='ocrx_word' id='word_1_429' title='bbox 1560 3983 1599 4051; x_wconf 92' lang='lat' dir='ltr'><strong><em>in</em></strong></span> <span class='ocrx_word' id='word_1_430' title='bbox 1611 3983 1687 4074; x_wconf 84' lang='lat' dir='ltr'><strong><em>ripa</em></strong></span> <span class='ocrx_word' id='word_1_431' title='bbox 1705 3980 1808 4053; x_wconf 84' lang='lat' dir='ltr'><strong><em>Saloe</em></strong></span> <span class='ocrx_word' id='word_1_432' title='bbox 1830 3997 2076 4054; x_wconf 83' lang='lat' dir='ltr'><strong><em>convenerunt</em></strong></span> <span class='ocrx_word' id='word_1_433' title='bbox 2092 3982 2171 4052; x_wconf 90' lang='lat' dir='ltr'><strong><em>Dn-</em></strong></span> 
     </span>
     <span class='ocr_line' id='line_1_81' title="bbox 1179 4079 2170 4173; baseline -0.003 -18"><span class='ocrx_word' id='word_1_434' title='bbox 1179 4108 1254 4168; x_wconf 85' lang='lat' dir='ltr'><strong><em>ces,</em></strong></span> <span class='ocrx_word' id='word_1_435' title='bbox 1280 4084 1455 4156; x_wconf 83' lang='lat' dir='ltr'><strong><em>Saxoniae</em></strong></span> <span class='ocrx_word' id='word_1_436' title='bbox 1479 4079 1624 4154; x_wconf 88' lang='lat' dir='ltr'><strong><em>Elector</em></strong></span> <span class='ocrx_word' id='word_1_437' title='bbox 1647 4081 1850 4173; x_wconf 83' lang='lat' dir='ltr'><strong><em>Angustus,</em></strong></span> <span class='ocrx_word' id='word_1_438' title='bbox 1888 4079 2069 4154; x_wconf 84' lang='lat' dir='ltr'><strong><em>lohannes</em></strong></span> <span class='ocrx_word' id='word_1_439' title='bbox 2087 4082 2170 4153; x_wconf 81' lang='lat' dir='ltr'><strong><em>Fri-</em></strong></span> 
     </span>
     <span class='ocr_line' id='line_1_82' title="bbox 1178 4177 2171 4280; baseline -0.002 -24"><span class='ocrx_word' id='word_1_440' title='bbox 1178 4187 1320 4256; x_wconf 80' lang='lat' dir='ltr'><strong><em>dericus</em></strong></span> <span class='ocrx_word' id='word_1_441' title='bbox 1343 4183 1409 4268; x_wconf 94' lang='lat' dir='ltr'><strong><em>ll.‚</em></strong></span> <span class='ocrx_word' id='word_1_442' title='bbox 1443 4177 1621 4256; x_wconf 87' lang='lat' dir='ltr'><strong><em>lohannes</em></strong></span> <span class='ocrx_word' id='word_1_443' title='bbox 1644 4179 1890 4280; x_wconf 80' lang='lat' dir='ltr'><strong><em>Wilhelnrus,</em></strong></span> <span class='ocrx_word' id='word_1_444' title='bbox 1924 4199 1960 4256; x_wconf 88' lang='lat' dir='ltr'><strong><em>et</em></strong></span> <span class='ocrx_word' id='word_1_445' title='bbox 1989 4179 2171 4256; x_wconf 82' lang='lat' dir='ltr'><strong><em>lohannes</em></strong></span> 
     </span>
     <span class='ocr_line' id='line_1_83' title="bbox 1177 4279 2171 4373; baseline -0.004 -15"><span class='ocrx_word' id='word_1_446' title='bbox 1177 4287 1384 4358; x_wconf 84' lang='lat' dir='ltr'><strong><em>Fridericus</em></strong></span> <span class='ocrx_word' id='word_1_447' title='bbox 1406 4283 1472 4359; x_wconf 93' lang='lat' dir='ltr'><strong><em>lll.</em></strong></span> <span class='ocrx_word' id='word_1_448' title='bbox 1523 4283 1632 4373; x_wconf 84' lang='lat' dir='ltr'><strong><em>Item,</em></strong></span> <span class='ocrx_word' id='word_1_449' title='bbox 1660 4279 1888 4358; x_wconf 86' lang='lat' dir='ltr'><strong><em>Marcbiones</em></strong></span> <span class='ocrx_word' id='word_1_450' title='bbox 1909 4283 2171 4356; x_wconf 86' lang='lat' dir='ltr'><strong><em>Brandenbur·</em></strong></span> 
     </span>
     <span class='ocr_line' id='line_1_84' title="bbox 1177 4381 2171 4480; baseline -0.002 -22"><span class='ocrx_word' id='word_1_451' title='bbox 1177 4413 1323 4480; x_wconf 85' lang='lat' dir='ltr'><strong><em>genses,</em></strong></span> <span class='ocrx_word' id='word_1_452' title='bbox 1357 4385 1502 4458; x_wconf 81' lang='lat' dir='ltr'><strong><em>Elector</em></strong></span> <span class='ocrx_word' id='word_1_453' title='bbox 1528 4384 1729 4459; x_wconf 84' lang='lat' dir='ltr'><strong><em>loacbimus</em></strong></span> <span class='ocrx_word' id='word_1_454' title='bbox 1757 4385 1823 4472; x_wconf 90' lang='lat' dir='ltr'><strong><em>ll.,</em></strong></span> <span class='ocrx_word' id='word_1_455' title='bbox 1857 4381 2034 4456; x_wconf 87' lang='lat' dir='ltr'><strong><em>lohannes</em></strong></span> <span class='ocrx_word' id='word_1_456' title='bbox 2059 4389 2171 4457; x_wconf 85' lang='lat' dir='ltr'><strong><em>irater</em></strong></span> 
     </span>
     <span class='ocr_line' id='line_1_85' title="bbox 1178 4483 2170 4580; baseline -0.002 -19"><span class='ocrx_word' id='word_1_457' title='bbox 1178 4485 1370 4577; x_wconf 86' lang='lat' dir='ltr'><strong><em>loacbimi,</em></strong></span> <span class='ocrx_word' id='word_1_458' title='bbox 1400 4485 1579 4560; x_wconf 86' lang='lat' dir='ltr'><strong><em>lohannes</em></strong></span> <span class='ocrx_word' id='word_1_459' title='bbox 1601 4487 1777 4580; x_wconf 88' lang='lat' dir='ltr'><strong><em>Georgius</em></strong></span> <span class='ocrx_word' id='word_1_460' title='bbox 1798 4489 1893 4558; x_wconf 77' lang='lat' dir='ltr'><strong><em>filius</em></strong></span> <span class='ocrx_word' id='word_1_461' title='bbox 1917 4483 2108 4570; x_wconf 84' lang='lat' dir='ltr'><strong><em>loachirni,</em></strong></span> <span class='ocrx_word' id='word_1_462' title='bbox 2134 4501 2170 4560; x_wconf 86' lang='lat' dir='ltr'><strong><em>et</em></strong></span> 
     </span>
     <span class='ocr_line' id='line_1_86' title="bbox 1178 4586 2168 4682; baseline -0.004 -19"><span class='ocrx_word' id='word_1_463' title='bbox 1178 4591 1355 4682; x_wconf 87' lang='lat' dir='ltr'><strong><em>Georgius</em></strong></span> <span class='ocrx_word' id='word_1_464' title='bbox 1377 4589 1579 4662; x_wconf 84' lang='lat' dir='ltr'><strong><em>Fridericus</em></strong></span> <span class='ocrx_word' id='word_1_465' title='bbox 1602 4591 1698 4660; x_wconf 85' lang='lat' dir='ltr'><strong><em>lilios</em></strong></span> <span class='ocrx_word' id='word_1_466' title='bbox 1721 4587 1884 4678; x_wconf 80' lang='lat' dir='ltr'><strong><em>Georgii.</em></strong></span> <span class='ocrx_word' id='word_1_467' title='bbox 1944 4586 2030 4659; x_wconf 89' lang='lat' dir='ltr'><strong><em>ltem</em></strong></span> <span class='ocrx_word' id='word_1_468' title='bbox 2054 4589 2168 4660; x_wconf 70' lang='lat' dir='ltr'><strong><em>Laut.</em></strong></span> 
     </span>
     <span class='ocr_line' id='line_1_87' title="bbox 1176 4688 2171 4786; baseline -0.003 -22"><span class='ocrx_word' id='word_1_469' title='bbox 1176 4695 1287 4786; x_wconf 85' lang='lat' dir='ltr'><strong><em>gravii</em></strong></span> <span class='ocrx_word' id='word_1_470' title='bbox 1307 4691 1474 4776; x_wconf 87' lang='lat' dir='ltr'><strong><em>Hassiae,</em></strong></span> <span class='ocrx_word' id='word_1_471' title='bbox 1505 4688 1714 4784; x_wconf 83' lang='lat' dir='ltr'><strong><em>Philippus,</em></strong></span> <span class='ocrx_word' id='word_1_472' title='bbox 1755 4707 1790 4764; x_wconf 87' lang='lat' dir='ltr'><strong><em>et</em></strong></span> <span class='ocrx_word' id='word_1_473' title='bbox 1822 4689 2040 4761; x_wconf 85' lang='lat' dir='ltr'><strong><em>Guilielmus</em></strong></span> <span class='ocrx_word' id='word_1_474' title='bbox 2073 4691 2171 4761; x_wconf 83' lang='lat' dir='ltr'><strong><em>filins</em></strong></span> 
     </span>
     <span class='ocr_line' id='line_1_88' title="bbox 1175 4789 2167 4890; baseline -0.004 -24"><span class='ocrx_word' id='word_1_475' title='bbox 1175 4792 1349 4890; x_wconf 84' lang='lat' dir='ltr'><strong><em>Philippi.</em></strong></span> <span class='ocrx_word' id='word_1_476' title='bbox 1385 4794 1434 4867; x_wconf 90' lang='lat' dir='ltr'><strong><em>lli</em></strong></span> <span class='ocrx_word' id='word_1_477' title='bbox 1451 4817 1576 4866; x_wconf 88' lang='lat' dir='ltr'><strong><em>omnes</em></strong></span> <span class='ocrx_word' id='word_1_478' title='bbox 1590 4795 1715 4866; x_wconf 85' lang='lat' dir='ltr'><strong><em>loedus</em></strong></span> <span class='ocrx_word' id='word_1_479' title='bbox 1732 4789 2009 4864; x_wconf 83' lang='lat' dir='ltr'><strong><em>haereditarium</em></strong></span> <span class='ocrx_word' id='word_1_480' title='bbox 2025 4791 2167 4866; x_wconf 87' lang='lat' dir='ltr'><strong><em>Ducum</em></strong></span> 
     </span>
    </p>
   </div>
   <div class='ocr_carea' id='block_1_33' title="bbox 1170 4965 1399 4987">
    <p class='ocr_par' dir='ltr' id='par_1_33' title="bbox 1170 4965 1399 4987">
     <span class='ocr_line' id='line_1_89' title="bbox 1170 4965 1399 4987; baseline -0.013 0"><span class='ocrx_word' id='word_1_481' title='bbox 1170 4965 1399 4987; x_wconf 51' lang='lat' dir='ltr'><em>m</em></span> 
     </span>
    </p>
   </div>
   <div class='ocr_carea' id='block_1_34' title="bbox 1209 5047 2170 5194">
    <p class='ocr_par' dir='ltr' id='par_1_34' title="bbox 1209 5047 2170 5194">
     <span class='ocr_line' id='line_1_90' title="bbox 1209 5047 2170 5132; baseline -0.016 -15"><span class='ocrx_word' id='word_1_482' title='bbox 1209 5063 1235 5132; x_wconf 86' lang='grc'><strong><em>1)</em></strong></span> <span class='ocrx_word' id='word_1_483' title='bbox 1255 5060 1282 5114; x_wconf 77' lang='lat' dir='ltr'><strong><em>le</em></strong></span> <span class='ocrx_word' id='word_1_484' title='bbox 1293 5063 1444 5115; x_wconf 65' lang='lat' dir='ltr'><strong><em>ammte·</em></strong></span> <span class='ocrx_word' id='word_1_485' title='bbox 1456 5051 1509 5108; x_wconf 82' lang='lat' dir='ltr'><strong><em>init</em></strong></span> <span class='ocrx_word' id='word_1_486' title='bbox 1520 5047 1691 5122; x_wconf 54' lang='lat' dir='ltr'><strong><em>mannent</em></strong></span> <span class='ocrx_word' id='word_1_487' title='bbox 1708 5047 1739 5104; x_wconf 83' lang='lat' dir='ltr'><strong><em>d.</em></strong></span> <span class='ocrx_word' id='word_1_488' title='bbox 1749 5048 1778 5106; x_wconf 87' lang='grc'><strong><em>5.</em></strong></span> <span class='ocrx_word' id='word_1_489' title='bbox 1787 5049 1884 5106; x_wconf 72' lang='lat' dir='ltr'><strong><em>Martii</em></strong></span> <span class='ocrx_word' id='word_1_490' title='bbox 1896 5069 1972 5108; x_wconf 79' lang='lat' dir='ltr'><strong><em>enno</em></strong></span> <span class='ocrx_word' id='word_1_491' title='bbox 1984 5053 2068 5110; x_wconf 83' lang='grc'><strong>1555.</strong></span> <span class='ocrx_word' id='word_1_492' title='bbox 2102 5053 2170 5112; x_wconf 69' lang='lat' dir='ltr'><strong><em>vie,</em></strong></span> 
     </span>
     <span class='ocr_line' id='line_1_91' title="bbox 1242 5119 1692 5194; baseline -0.027 -9"><span class='ocrx_word' id='word_1_493' title='bbox 1242 5129 1362 5186; x_wconf 81' lang='lat' dir='ltr'><strong><em>Sleidao.</em></strong></span> <span class='ocrx_word' id='word_1_494' title='bbox 1379 5131 1528 5181; x_wconf 84' lang='lat' dir='ltr'><strong><em>comment.</em></strong></span> <span class='ocrx_word' id='word_1_495' title='bbox 1540 5139 1567 5194; x_wconf 91' lang='lat' dir='ltr'><strong><em>p.</em></strong></span> <span class='ocrx_word' id='word_1_496' title='bbox 1582 5119 1635 5176; x_wconf 77' lang='lat' dir='ltr'><strong><em>tte</em></strong></span> <span class='ocrx_word' id='word_1_497' title='bbox 1648 5135 1692 5191; x_wconf 78' lang='lat' dir='ltr'><strong><em>eq.</em></strong></span> 
     </span>
    </p>
   </div>
   <div class='ocr_carea' id='block_1_35' title="bbox 1207 5202 1716 5288">
    <p class='ocr_par' dir='ltr' id='par_1_35' title="bbox 1207 5202 1716 5288">
     <span class='ocr_line' id='line_1_92' title="bbox 1207 5202 1716 5288; baseline -0.01 -23"><span class='ocrx_word' id='word_1_498' title='bbox 1207 5215 1236 5288; x_wconf 73' lang='lat'><strong><em>2)</em></strong></span> <span class='ocrx_word' id='word_1_499' title='bbox 1255 5211 1320 5269; x_wconf 76' lang='lat' dir='ltr'><strong><em>vid.</em></strong></span> <span class='ocrx_word' id='word_1_500' title='bbox 1332 5227 1375 5281; x_wconf 79' lang='lat' dir='ltr'><strong><em>ep.</em></strong></span> <span class='ocrx_word' id='word_1_501' title='bbox 1388 5211 1420 5264; x_wconf 83' lang='lat' dir='ltr'><strong><em>nd</em></strong></span> <span class='ocrx_word' id='word_1_502' title='bbox 1434 5207 1543 5262; x_wconf 79' lang='lat' dir='ltr'><strong><em>Libinm</em></strong></span> <span class='ocrx_word' id='word_1_503' title='bbox 1560 5207 1589 5261; x_wconf 90' lang='lat' dir='ltr'><strong><em>d.</em></strong></span> <span class='ocrx_word' id='word_1_504' title='bbox 1600 5203 1628 5261; x_wconf 76' lang='grc'><strong><em>5.</em></strong></span> <span class='ocrx_word' id='word_1_505' title='bbox 1640 5202 1716 5260; x_wconf 87' lang='lat' dir='ltr'><strong><em>lntt.¹</em></strong></span> 
     </span>
    </p>
   </div>
   <div class='ocr_carea' id='block_1_36' title="bbox 1207 5286 2166 5442">
    <p class='ocr_par' dir='ltr' id='par_1_36' title="bbox 1207 5286 2166 5442">
     <span class='ocr_line' id='line_1_93' title="bbox 1207 5286 2166 5370; baseline -0.044 -15"><span class='ocrx_word' id='word_1_506' title='bbox 1207 5300 1236 5370; x_wconf 78' lang='grc'><strong><em>5)</em></strong></span> <span class='ocrx_word' id='word_1_507' title='bbox 1255 5295 1343 5353; x_wconf 81' lang='lat' dir='ltr'><strong><em>Uncir</em></strong></span> <span class='ocrx_word' id='word_1_508' title='bbox 1359 5293 1422 5348; x_wconf 80' lang='lat' dir='ltr'><strong><em>enni</em></strong></span> <span class='ocrx_word' id='word_1_509' title='bbox 1434 5291 1603 5346; x_wconf 78' lang='lat' dir='ltr'><strong><em>mentionem</em></strong></span> <span class='ocrx_word' id='word_1_510' title='bbox 1619 5286 1738 5360; x_wconf 78' lang='lat' dir='ltr'><strong><em>inclusi,</em></strong></span> <span class='ocrx_word' id='word_1_511' title='bbox 1757 5288 1905 5366; x_wconf 63' lang='lat' dir='ltr'><strong><em>quim„</em></strong></span> <span class='ocrx_word' id='word_1_512' title='bbox 1922 5289 2038 5349; x_wconf 54' lang='lat' dir='ltr'><strong><em>„mh</em></strong></span> <span class='ocrx_word' id='word_1_513' title='bbox 2055 5289 2166 5350; x_wconf 48' lang='grc' dir='ltr'><em>ω</em></span> 
     </span>
     <span class='ocr_line' id='line_1_94' title="bbox 1239 5357 1754 5442; baseline -0.041 -20"><span class='ocrx_word' id='word_1_514' title='bbox 1239 5366 1290 5442; x_wconf 70' lang='lat' dir='ltr'><strong><em>pti.</em></strong></span> <span class='ocrx_word' id='word_1_515' title='bbox 1326 5365 1485 5418; x_wconf 73' lang='lat' dir='ltr'><strong><em>Nenenene</em></strong></span> <span class='ocrx_word' id='word_1_516' title='bbox 1500 5359 1577 5416; x_wconf 86' lang='grc'><strong>1555.</strong></span> <span class='ocrx_word' id='word_1_517' title='bbox 1589 5357 1754 5432; x_wconf 66' lang='lat' dir='ltr'><strong><em>scripum,</em></strong></span> 
     </span>
    </p>
   </div>
   <div class='ocr_carea' id='block_1_37' title="bbox 1204 5449 1434 5526">
    <p class='ocr_par' dir='ltr' id='par_1_37' title="bbox 1204 5449 1434 5526">
     <span class='ocr_line' id='line_1_95' title="bbox 1204 5449 1434 5526; baseline -0.017 -16"><span class='ocrx_word' id='word_1_518' title='bbox 1204 5455 1236 5526; x_wconf 67' lang='lat' dir='ltr'><strong><em>*l</em></strong></span> <span class='ocrx_word' id='word_1_519' title='bbox 1254 5457 1337 5510; x_wconf 77' lang='lat' dir='ltr'><strong><em>Auno</em></strong></span> <span class='ocrx_word' id='word_1_520' title='bbox 1350 5449 1434 5506; x_wconf 81' lang='grc'><strong>1555.</strong></span> 
     </span>
    </p>
   </div>
   <div class='ocr_carea' id='block_1_38' title="bbox 0 0 2408 6176">
    <p class='ocr_par' dir='ltr' id='par_1_38' title="bbox 0 0 2408 6176">
     <span class='ocr_line' id='line_1_96' title="bbox 0 0 2408 6176; baseline 0 0"><span class='ocrx_word' id='word_1_521' title='bbox 0 0 2408 6176; x_wconf 95' lang='lat' dir='ltr'><strong><em> </em></strong></span> 
     </span>
    </p>
   </div>
  </div>
 </body>
</html>
