4814 6172
135 281 213 354 tw
704 261 1133 345 EPISTULARUM

137 452 319 526 adversari
334 451 520 522 videamur
532 443 830 521 illiColoniarum
845 441 1064 526 deductioni,
1082 439 1137 508 fa-

138 558 241 628 cilius
265 567 427 626 nostram
450 575 595 644 operam
618 550 801 620 offerimus
823 547 936 619 vobis.
988 543 1029 617 Si
1050 542 1137 613 reti-

138 659 284 732 nebitur
298 656 379 728 istic
396 649 544 740 Scurio,
570 676 670 744 reges
684 676 767 724 eum
780 651 852 722 tuis
869 646 1046 732 consiliis,
1071 669 1138 714 nec

141 762 285 844 dubito,
319 759 397 830 fore
419 757 610 830 intuenda
631 754 883 826 coniunctione
910 763 1024 820 vestra
1046 748 1138 837 vigi-

146 867 271 934 lantem
298 875 334 932 et
357 861 514 934 firmum.
565 856 675 930 Mitto
691 856 850 948 exempla
866 853 1048 945 proximae
1065 851 1139 920 dis-

145 965 353 1058 putationis,
392 986 482 1058 quae
512 985 630 1032 meum
661 961 729 1030 iter
761 960 807 1029 ad
848 979 912 1026 vos
941 952 1139 1045 impedivit.

143 1067 237 1140 Rene
252 1081 288 1138 et
302 1065 455 1136 feliciter
470 1065 558 1136 vale.
610 1063 682 1136 Die
702 1061 739 1135 9.
752 1059 854 1132 Maii.

242 1223 482 1326 †Suerini*)
497 1229 554 1300 die
570 1227 707 1300 eMaii
721 1251 816 1298 anno
831 1221 940 1298 1554.
956 1235 1139 1314 conspecta

186 1333 281 1406 haec
293 1335 425 1427 species
446 1345 526 1426 post
545 1331 728 1400 meridiem
753 1329 949 1422 aprincipe
969 1339 1004 1396 et
1017 1323 1140 1394 multis

186 1439 273 1508 aliis
290 1460 514 1527 magnacum
531 1434 818 1505 consternatione
832 1431 1038 1504 multorum.

142 1586 184 1640 Sol
202 1603 311 1640 auen·
340 1579 442 1652 'Lupus
456 1577 589 1634 accedens
653 1587 710 1630 atra
724 1576 827 1644 nubes,
846 1585 872 1630 et
886 1592 917 1628 er
932 1572 1005 1628 nube
1019 1569 1106 1628 crebri

189 1669 245 1710 tus.
388 1650 422 1704 ad
434 1647 531 1703 solem.
619 1645 693 1718 globi
709 1645 784 1704 velut
796 1643 1010 1700 bombardarum
1024 1638 1143 1697 emissi.”

179 1749 538 1928 uam
814 1743 970 1920 se

151 2069 471 2084 ——ss-m—--u-
658 2061 1135 2076 W

165 2211 343 2342 Q.

481 2399 579 2490 Sal.
609 2393 815 2487 Liuekio.

211 2579 293 2678 ¹Elin
310 2581 338 2634 tn
359 2567 555 2636 ltiebeter's
574 2577 714 2640 dilectu.
733 2597 759 2648 p.
775 2577 835 2631 440.
873 2575 988 2643 (duur.)

978 2225 1035 2286 10.
1048 2215 1133 2280 lllait.

963 2306 1136 2336 Μ

194 2731 378 2808 Studioso
400 2731 588 2806 doetrinae
612 2745 643 2804 et
667 2733 814 2806 virtutis
840 2731 1095 2804 Salomoni

508 2833 658 2908 Liuci
684 2837 720 2911 S.
741 2837 784 2910 D.

141 2979 307 3085 Semper
320 3003 356 3060 et
370 2989 478 3059 dilexi
496 3005 529 3060 et
544 3001 730 3060 veneratus
746 3009 822 3057 sum
842 3001 978 3080 patrem
995 3001 1096 3058 tuum
1106 2983 1144 3084 ¹),

139 3098 266 3166 virum
285 3092 574 3182 integerrimum,
601 3093 701 3162 cuius
723 3091 834 3181 pietas
850 3103 885 3160 et
905 3090 1087 3180 integritas
1103 3117 1144 3161 eo

138 3195 238 3268 mihi
252 3197 365 3286 magis
383 3207 467 3264 nota
485 3208 553 3280 est,
579 3219 684 3288 quam
702 3193 791 3276 aliis,
818 3193 900 3285 quia
917 3193 1144 3264 deliberatio-

138 3303 255 3370 nibus
281 3323 403 3368 rerum
434 3322 508 3366 non
533 3297 734 3387 vulgarium
767 3296 874 3363 simul
906 3296 1144 3367 interfuimus.

139 3405 200 3474 Te
226 3425 371 3494 quoque
392 3415 536 3492 propter
561 3415 742 3494 paternam
774 3397 967 3468 amicitiam
991 3399 1146 3490 comple-

138 3507 320 3576 ctendum
338 3526 411 3572 esse
430 3504 561 3577 censui.
590 3499 662 3592 ,Et
682 3502 749 3570 scis
770 3513 917 3593 propter
938 3503 1145 3571 memoriam

141 3609 260 3702 patris
288 3603 506 3694 Noribergae
533 3605 665 3676 multos
694 3599 863 3673 honestos
891 3599 1055 3674 homines
1080 3605 1147 3674 tibi

140 3717 243 3781 bene
263 3708 369 3780 velle.
420 3705 526 3796 Quod
549 3732 604 3776 me
627 3709 765 3798 placare
789 3707 925 3792 studes,
953 3707 1060 3794 scito,
1091 3731 1147 3775 me

143 3829 292 3906 optare,
319 3823 360 3880 ut
374 3811 440 3881 tibi
458 3811 547 3880 hene
563 3813 624 3896 sit3
649 3822 684 3879 et
699 3809 814 3879 sicubi
830 3831 978 3900 possem,
1003 3811 1068 3880 tibi
1087 3811 1148 3879 be-

146 3917 363 3985 nefacercm.
422 3911 614 4006 Nunquam
636 3913 746 3981 iratus
767 3911 835 3980 tibi
854 3913 906 3980 lui
929 3937 1007 3982 mea
1030 3937 1147 3982 causa:

151 4033 303 4108 paterno
318 4015 438 4084 animo
454 4029 486 4086 et
501 4015 662 4106 publicae
681 4015 774 4104 pacis
787 4035 890 4082 causa
907 4029 941 4084 te
954 4015 1148 4107 aliquando

158 4119 279 4190 monui
300 4120 345 4188 dc
366 4131 428 4186 tuo
449 4117 578 4188 officio.
631 4113 734 4186 Nunc
755 4115 784 4182 si
806 4116 984 4204 perficias,
1008 4129 1049 4184 ut
1065 4116 1150 4184 dili-

163 4222 273 4309 gentia
287 4235 322 4292 et
337 4221 510 4290 modestia
526 4219 655 4290 tuearis
672 4219 791 4288 locum
811 4217 944 4286 alicubi
966 4219 1004 4285 in
1019 4219 1151 4288 docen-

163 4323 228 4404 do,
255 4324 409 4410 gratulor
430 4322 496 4392 tibi
519 4317 616 4391 hunc
640 4321 800 4390 animum
822 4319 964 4389 virtutis
993 4335 1028 4390 ct
1056 4319 1152 4411 pacis
1231 4380 1253 4395 ..

159 4439 350 4510 amantem;
378 4437 430 4508 et,
457 4425 570 4494 sicubi
586 4437 727 4514 potero,
753 4421 827 4511 ipse
843 4421 908 4491 tibi
923 4423 1154 4506 benefaciam,

153 4541 185 4600 et
200 4529 287 4622 quia
302 4526 413 4620 patris
426 4527 498 4610 tui,
522 4526 592 4596 viri
609 4524 794 4616 prudentis
807 4537 841 4594 et
860 4524 991 4594 eruditi
1009 4549 1144 4594 memo-

150 4633 242 4702 riam
263 4631 422 4714 retineo‚
454 4643 489 4698 et
511 4629 594 4722 quia
617 4643 650 4698 te
673 4651 815 4720 quoque
835 4641 1019 4718 paternum
1037 4628 1154 4698 virtu-

149 4751 221 4805 tem
257 4731 393 4804 imitari
426 4731 543 4804 velim.
594 4729 692 4800 Bene
727 4729 824 4808 vale,
868 4729 927 4798 die
963 4733 1022 4802 10.
1053 4727 1156 4814 Maii,

152 4833 272 4908 1554.

670 4929 864 5026 Philippus
878 4930 1106 5006 Melanthon.

150 5061 391 5081 ffl-

185 5203 216 5270 ¹¹)
238 5198 303 5254 lloe
315 5193 534 5250 adttnmenmm
554 5193 656 5268 legitur
669 5213 732 5251 erm
751 5191 845 5266 figuris
858 5193 886 5250 in
900 5193 962 5252 cod.
976 5195 1075 5250 zinav.

188 5309 218 5372 ¹)
241 5299 449 5354 wenceslaum
470 5295 567 5354 Lincl.
584 5331 619 5345 -
656 5297 717 5358 Vid.
733 5299 813 5354 etism
836 5297 1024 5354 testimonium
1041 5295 1155 5355 Linclrio

225 5373 325 5426 datum
340 5367 365 5424 d.
379 5365 423 5422 29.
440 5367 516 5424 Maii.

1191 263 1300 339 ΗΒ.
1335 263 1419 342 XII.
1481 262 1616 340 1654.

1187 436 1253 508 Νο.
1269 434 1388 514 5598.

1196 536 1367 580 pm

1472 625 1542 712 M.
1572 624 1912 737 Meienburgio.

1257 805 1343 878 Epist.
1360 807 1407 861 lib.
1426 807 1458 860 V.
1478 825 1504 878 p.
1523 803 1575 860 689
1589 823 1629 876 sq.

1215 960 1274 1035 M
1278 960 1459 1036 ichoe'li
1478 961 1834 1137 Μείιαῖανςίο,
1864 966 2022 1040 consuli
2040 967 2158 1044 Nort-

1668 1093 1722 1141 us.

1191 1200 1240 1288 S.
1260 1211 1304 1286 D.
1357 1211 1613 1287 Ilonestissime
1642 1217 1716 1299 vir,
1758 1230 1791 1286 et
1821 1218 1932 1288 amice
1964 1215 2182 1295 charissime.

1192 1313 1270 1386 Oro
1286 1315 1421 1386 Filium
1438 1315 1527 1402 Dei,
1550 1316 1746 1388 Dominum
1763 1333 1926 1390 nostrum
1943 1319 2059 1394 lesum
2076 1320 2184 1395 Chri-

1192 1433 1302 1504 stum,
1329 1419 1532 1489 crucifirum
1557 1443 1622 1511 pro
1646 1421 1769 1507 nobis,
1802 1437 1836 1492 et
1855 1425 2120 1512 resuscitatum,
2145 1443 2185 1499 ut

1193 1545 1256 1590 vos
1279 1535 1313 1591 et
1334 1535 1469 1591 vestros
1491 1545 1614 1592 omnes
1637 1537 1751 1594 servet
1770 1523 1985 1612 incolumes,
2011 1543 2044 1598 et
2067 1529 2185 1616 faciat,

1192 1637 1234 1693 ut
1254 1624 1461 1714 coniugium
1480 1618 1593 1720 filii*)
1616 1626 1661 1697 sit
1682 1627 1835 1696 faustum
1849 1641 1884 1698 et
1901 1628 1997 1704 felix.
2048 1627 2184 1702 Eadem
2205 1661 2210 1668 ·

1193 1739 1274 1795 vota
1290 1727 1474 1796 vobiscum
1492 1727 1617 1797 faciam
1633 1729 1692 1798 die
1707 1729 1795 1799 sacri
1811 1727 2008 1820 Nuptialis,
2031 1734 2186 1806 ubicun-

1194 1853 1262 1922 que
1284 1853 1364 1909 ero,
1398 1829 1463 1898 etsi
1485 1825 1602 1900 adhuc
1621 1855 1745 1922 spero,
1778 1855 1835 1901 me
1850 1834 1902 1902 'ad
1917 1857 1979 1903 vos
1994 1849 2184 1907 ventumm

1195 1955 1277 2004 esse.
1331 1929 1548 2023 Quanquam
1571 1933 1666 2002 enirn
1682 1933 1851 2028 Synodus
1868 1935 1935 2006 erit
1955 1936 1994 2004 in
2009 1931 2186 2010 Naohur.

1192 2057 1260 2129 go,
1288 2057 1393 2127 quam
1407 2057 1545 2124 semper
1559 2035 1724 2104 dissuasi:
1748 2049 1866 2104 tamen
1884 2060 1925 2106 eo
1941 2038 1993 2107 ire
2008 2063 2065 2110 me
2080 2067 2187 2134 opor-

1194 2149 1254 2209 tet.
1298 2135 1369 2206 Sed
1383 2129 1421 2204 T
1421 2132 1637 2229 radingenses
1654 2137 1705 2207 ibi
1721 2137 1790 2206 iam
1807 2139 1970 2224 fuerunt,
1994 2143 2055 2236 qui
2075 2143 2105 2212 si
2122 2147 2188 2214 do-

1195 2265 1292 2310 mum
1308 2239 1513 2324 redierunt,
1538 2235 1721 2330 Naoburgi
1741 2233 1831 2308 milri
1850 2237 1943 2310 nihil
1965 2247 2097 2336 negotii
2112 2247 2188 2332 erit,

1196 2343 1266 2411 nisi
1292 2341 1390 2412 aliud
1418 2343 1547 2436 poie'ma
1567 2343 1721 2415 aulicum
1748 2356 1976 2434 proponetur.
2034 2345 2132 2420 Bene
2156 2367 2186 2420 et

1195 2445 1344 2515 feliciter
1359 2446 1480 2516 valete.
1533 2443 1601 2516 Die
1614 2445 1802 2515 undecimo
1817 2443 1919 2517 Maii.
2185 2443 2190 2452 '

1940 2545 2138 2644 Philippus.

1209 2755 1533 2766 —0—--0---—-..-—----
1552 2757 1694 2764 -·--—--
1700 2757 1764 2764 --

1210 2886 1276 2958 No.
1291 2883 1405 2958 5599.

1202 2983 1414 3019 Μ

1850 2904 1906 2964 rs.
1930 2893 2005 2958 Mau
2028 2898 2076 2972 (a.
2093 2897 2165 2974 ..9)

1835 2989 2190 3032 w

1553 3071 1663 3185 Cpit.
1691 3071 1837 3158 Libia.

1266 3255 1288 3324 †
1307 3251 1344 3306 Er
1356 3269 1451 3326 apogr.
1466 3251 1496 3303 in
1512 3249 1575 3306 cod.
1592 3249 1678 3307 Paris.
1696 3251 1734 3302 D.
1751 3248 1779 3303 L.
1793 3251 1852 3304 54³.

1224 3405 1582 3506 Christophoro
1608 3403 1771 3491 Libro,
1804 3404 1957 3482 Pastori
1977 3407 2167 3484 Ecclesiae

1503 3508 1893 3608 Brundenburgensis.

1200 3649 1248 3736 S·
1276 3659 1320 3735 Ι).
1372 3661 1582 3733 Reverende
1602 3663 1658 3730 vir
1677 3676 1711 3731 et
1727 3663 1905 3732 carissime
1926 3663 2044 3736 frater.
2098 3661 2193 3733 Pene

1200 3765 1361 3861 quotidie
1377 3766 1576 3854 interrogor
1590 3765 1633 3833 de
1651 3789 1688 3832 ea
1703 3766 1919 3856 quaestione,
1941 3789 2030 3858 quae
2044 3777 2078 3834 et
2093 3779 2193 3836 tuum
2225 3813 2227 3820 -

1201 3871 1359 3938 animum
1378 3867 1564 3940 excruciat.
1615 3865 1811 3955 Congeram
1831 3867 1939 3958 igitur
1956 3868 1993 3936 in
2014 3892 2127 3938 unum
2146 3869 2195 3936 li·

1202 3972 1335 4041 bellum
1351 3969 1552 4038 testimonia
1572 3969 1729 4038 eruditae
1742 3969 1944 4055 vetustatis,
1971 3995 2061 4063 quae
2076 3983 2194 4041 osten-

1203 4077 1293 4143 dunt
1309 4072 1406 4139 illius
1428 4070 1583 4162 purioris
1600 4068 1723 4140 aetatis
1736 4095 1966 4158 consensum,
1990 4095 2079 4164 quae
2094 4071 2191 4140 illam

1203 4174 1433 4244 recentiorem
1455 4171 1690 4242 inclusionem
1714 4173 1753 4242 in
1776 4198 1902 4264 panem
1924 4195 2069 4267 prorsus
2091 4173 2193 4260 igno-

1204 4289 1268 4348 rat.
1320 4271 1392 4344 Ubi
1406 4275 1534 4344 veteris
1551 4271 1728 4344 Ecclesiae
1744 4277 1962 4368 perspicuam
1985 4275 2193 4344 sententiam

1204 4405 1257 4472 pn
1288 4379 1581 4462 considerabunt,
1617 4392 1736 4468 postea
1765 4401 1884 4446 secum
1914 4378 2112 4467 disputent,
2148 4400 2193 4444 an

1205 4480 1346 4550 licuerit
1376 4481 1633 4550 recentioribus
1664 4481 1769 4548 aliam
1804 4479 2013 4550 senteutiam
2047 4478 2195 4546 commi-

1207 4583 1307 4652 nisci.
1356 4581 1428 4652 Nec
1443 4584 1740 4653 contemnendum
1757 4603 1831 4652 esse
1849 4593 2003 4652 vetustae
2018 4575 2196 4650 Ecclesiae

1208 4707 1418 4756 consensum
1443 4697 1579 4764 statuo,
1612 4684 1674 4752 ubi
1704 4679 1787 4776 περὶ
1810 4685 1923 4774 ῥητοῦ
1942 4675 2006 4750 καὶ
2029 4677 2197 4766 διανοίας

1208 4787 1366 4882 quaestio
1389 4799 1450 4859 est.
1503 4783 1616 4854 Aiunt
1637 4781 1671 4854 οἱ
1690 4783 1933 4868 terdoratus,
1960 4805 1996 4851 se
2019 4781 2062 4855 τὸ
2086 4775 2196 4878 ῥητὸὶν

1208 4889 1320 4974 tueri,
1349 4912 1427 4958 curu
1445 4885 1578 4956 Paulus
1599 4899 1736 4956 tantum
1762 4885 1871 4970 dicat,
1898 4907 1971 4956 esse
1994 4883 2197 4960 κοινωνίαν

1209 4985 1390 5084 σώματος.
1441 4985 1514 5058 Nec
1537 4986 1726 5057 obscurum
1752 5000 1821 5072 est,
1847 4988 1932 5082 quid
1952 4985 2097 5059 Graccis
2120 5014 2197 5060 κοι-

1208 5089 1327 5168 νωνία
1358 5089 1540 5180 significet.
1598 5087 1715 5158 Multa
1743 5113 1823 5160 cum
1851 5089 1928 5181 ipso
1957 5081 2126 5160 Luthero
2154 5095 2197 5160 de

1208 5211 1366 5267 veterum
1387 5192 1491 5261 dictis
1512 5191 1678 5276 disserui3
1712 5191 1772 5261 sed
1796 5191 2010 5278 mirabatur,
2044 5194 2198 5284 potuisse

1242 5467 1278 5540 ¹¹)
1296 5464 1423 5520 lobannis
1435 5463 1634 5613 missing-'Cf
1650 5483 1711 5540 epp.
1728 5467 1757 5524 d.
1774 5467 1815 5524 19.
1825 5467 1906 5522 Febr.
1919 5475 1946 5520 et
1958 5467 1984 5522 d.
1996 5465 2023 5520 4.
2039 5465 2108 5520 Maii
2124 5465 2199 5520 test.
