4792 6186
241 273 312 350 ort.

246 447 293 523 tis
307 457 342 516 et
354 440 547 517 moderatis
565 437 750 510 sententiis
765 437 858 508 bella
875 451 971 510 mota
989 461 1083 524 esse,
1107 435 1240 534 quibus

248 551 319 618 iam
337 561 412 618 toto
428 542 601 616 decennio
617 543 716 612 ardet
735 531 956 626 Germania,
981 565 1071 637 quae
1087 541 1118 612 si
1134 538 1240 610 nobis

249 646 393 726 Tarsos
416 642 651 729 attraherent,
680 666 756 712 non
771 643 1010 714 dubitandum
1029 657 1080 714 est
1101 643 1141 714 in
1156 637 1241 712 lta-

249 749 344 824 liam
367 752 451 822 inde
472 769 697 842 processuros
720 768 805 816 esse.
854 739 944 816 Erat
967 759 1084 818 eutem
1103 757 1239 816 vestrae

248 853 464 948 sapientiae,
488 849 647 919 omnium
664 846 822 939 gentium
840 847 947 918 saluti
963 847 1158 932 consulere,
1184 846 1241 916 id-

249 981 320 1052 que
342 955 416 1026 fieri
439 963 593 1044 poterat,
618 949 667 1036 si,
688 949 850 1022 etmulti
867 951 1042 1043 sapientes
1062 949 1240 1040 guberna-

250 1073 346 1130 tores
371 1078 473 1148 saepe
492 1053 671 1136 fetentur,
696 1053 891 1146 quaedam,
917 1064 958 1122 ut
974 1052 1012 1122 in
1035 1050 1140 1122 senili
1160 1073 1240 1122 cor-

251 1184 358 1254 pore,
383 1155 550 1228 lenitatis.
603 1153 672 1225 Sed
689 1176 840 1243 agnosco
859 1167 894 1224 et
906 1153 1052 1246 deploro
1073 1148 1159 1224 haec
1174 1152 1241 1222 tri-

250 1264 316 1335 stia
349 1260 421 1330 iata
454 1273 650 1350 postremae
681 1269 716 1328 et
742 1255 874 1326 delirae
908 1256 1031 1328 mundi
1063 1267 1240 1328 senectae:

250 1362 380 1442 Rnrrnt
394 1375 434 1434 ut
450 1361 548 1428 vides
562 1358 709 1448 imperia
727 1359 765 1431 in
781 1381 862 1430 seras
877 1380 1021 1450 poenas.
1071 1353 1162 1430 Cum
1177 1379 1242 1426 eu·

250 1480 324 1536 tem
347 1487 420 1534 non
443 1462 666 1543 dubitemne,
696 1455 812 1530 Deum
837 1483 918 1529 vere
941 1459 1107 1550 colligere
1128 1473 1241 1530 aeter-

251 1591 335 1636 nam
359 1563 570 1648 Ecclesiam,
602 1584 783 1652 speremus
811 1583 891 1630 eum
917 1561 1049 1632 alicubi
1074 1559 1243 1655 reliquias

253 1669 395 1762 piorum
423 1681 587 1736 coetuum
615 1678 650 1732 et
675 1662 857 1732 doctrinae
884 1677 919 1733 et
939 1659 1091 1754 hospitia
1118 1685 1241 1732 eorum

253 1763 476 1842 servaturum
499 1789 584 1836 esse.
634 1761 711 1834 Hae
735 1788 808 1834 una
828 1787 884 1834 me
908 1786 970 1856 spe
998 1777 1174 1850 sustento,
1207 1777 1244 1834 et

253 1888 347 1944 recta
378 1869 512 1942 discere
542 1865 705 1936 luniores
737 1861 878 1936 hortor:
912 1867 1067 1936 violenta
1093 1865 1242 1936 consilia

252 1970 347 2044 nibil
373 1971 558 2063 profutura
582 1990 655 2035 esse
674 1969 738 2035 ulli
761 1968 853 2059 parti
874 1992 1012 2058 semper
1033 1967 1242 2040 existimavi.

814 258 1246 347 deserebantur
1294 264 1400 342 Lus
1425 265 1507 344 ΧΠ.
1562 268 1694 350 1668.

1411 433 1467 517 D.
1492 431 1846 541 Christopdoro
1870 437 2172 518 Stathmions'

1292 570 1342 659 S·
1362 588 1409 664 D.
1444 587 1524 664 Etsi
1537 593 1786 666 benevolentia
1800 609 1861 668 tna
1874 595 2048 686 delector,
2066 609 2195 670 tamen
2209 619 2293 667 rnn-

1290 713 1376 766 nere
1404 696 1502 790 quod
1525 695 1671 784 misisti,
1710 698 1853 769 dolores
1873 693 1965 768 mihi
1989 697 2125 770 multos
2152 711 2293 769 veteres

1290 797 1480 868 renovasti.
1531 793 1682 892 Aspeeta
1704 800 1800 872 enim
1815 800 1933 891 genesi
1948 823 2044 886 mea,
2070 799 2234 891 cogitavi
2258 801 2292 871 in

1291 920 1382 988 qrrae
1397 900 1610 986 certamina,
1636 903 1737 996 quasi
1753 903 1844 989 fato,
1868 902 2073 989 inciderim,
2099 903 2138 972 in
2157 903 2293 997 quibus

1292 1001 1356 1070 etsi
1378 1002 1535 1096 quaesivi
1556 1003 1807 1096 explicationes
1829 1003 2027 1098 simplices,
2056 1018 2094 1078 et
2115 1003 2293 1078 discenti-

1293 1101 1358 1174 bus
1377 1103 1501 1186 utiles,
1535 1117 1654 1176 umen
1677 1105 1893 1198 impedimur
1913 1106 2007 1178 odiis
2029 1120 2063 1178 et
2082 1107 2293 1189 calumniis,

1293 1227 1337 1274 ne
1353 1206 1514 1276 extricari
1531 1209 1703 1301 quaedam
1720 1208 1882 1282 involuta
1896 1209 2043 1299 possint.
2074 1207 2177 1281 Haec
2195 1211 2294 1282 vides

1293 1321 1327 1378 et
1351 1307 1389 1376 in
1409 1308 1528 1398 genesi
1551 1309 1752 1399 significari.
1802 1309 1874 1382 Sed
1890 1308 1966 1381 Deo
1983 1311 2047 1405 qui
2070 1335 2157 1382 vere
2177 1327 2293 1384 aeter-

1293 1433 1375 1478 nam
1396 1407 1590 1482 Ecclesiam
1618 1411 1755 1503 colligit
1784 1436 1870 1486 voce
1890 1408 2076 1502 Evangelii
2103 1437 2166 1485 me
2193 1438 2291 1485 com-

1293 1513 1422 1581 mendo
1438 1520 1478 1582 et'
1487 1509 1694 1584 Ecclesiam.

1368 1633 1439 1701 Non
1453 1632 1536 1700 Deus
1555 1651 1598 1702 est
1612 1660 1725 1701 numen
1740 1635 1902 1702 Peresmm
1915 1657 2032 1701 waere
2046 1641 2195 1718 clausum,

1419 1735 1519 1819 Quale
1535 1743 1699 1823 putabatur
1715 1739 1838 1804 Stoicus
1850 1761 1914 1804 esse
1929 1737 2026 1808 Dens.

1295 1847 1365 1920 Sed
1378 1847 1492 1921 lenire
1507 1875 1628 1923 causas
1642 1849 1806 1948 Physicas
1819 1849 1916 1924 Deus
1930 1848 2057 1942 potest.
2090 1849 2268 1924 Honestis-

1294 1950 1403 2020 simae
1426 1953 1568 2044 coniugi
1592 1967 1675 2024 tuae
1694 1955 1797 2026 mitto
1821 1948 2037 2048 didpefflos'
2060 1977 2209 2039 annum,
2231 1969 2264 2022 et

253 2075 361 2165 Quod
384 2067 590 2142 Euhenum
615 2083 772 2138 amanter
797 2069 986 2150 audivisti,
1020 2085 1054 2140 02
1076 2071 1188 2138 debeo
1209 2082 1244 2139 21
1295 2053 1361 2122 tibi
1386 2067 1421 2124 et
1445 2055 1510 2125 toti
1531 2056 1685 2126 familiae
1711 2071 1796 2148 opto
1819 2058 1976 2126 faustum
2000 2071 2034 2128 et
2060 2056 2276 2148 feliceman-

176 2251 178 2258 ,
252 2173 367 2247 liabeo
391 2174 456 2242 tibi
476 2173 644 2262 gratiam,
671 2194 710 2238 ac
733 2171 804 2240 scio
820 2184 855 2240 te
875 2173 993 2240 virum
1016 2173 1242 2242 excellentem
1296 2178 1395 2271 ¹¹¹}ffl·
1433 2152 1527 2226 Mihi
1548 2152 1655 2227 huin-‘³
1671 2159 1757 2228 3ῃηῖ
1775 2153 1957 2277 epatium}
1973 2159 2283 2278 ᾨῖθΡῙθῑωῦἱῦῃ·

254 2275 426 2369 sapientia
443 2287 476 2344 ct
492 2275 622 2342 virtute
638 2295 710 2340 non
730 2272 844 2340 solum
862 2273 1041 2365 colloquio
1066 2275 1242 2342 bonorum
1296 2269 1448 2326 ⁰¹¹⁰¹¹0ffl
1472 2258 1617 2329 Saturni
1641 2259 1821 2333 thfflss
1843 2262 1921 2330 ‘¹¹1²
1942 2254 2167 2349 ¹¹¹¹¹¹³fflr⁸l
2219 2259 2284 2332 Sed

254 2395 286 2450 ct
304 2383 489 2448 doctorum
506 2374 683 2454 delectari,
701 2376 761 2442 sed
777 2374 931 2443 libenter
946 2375 995 2444 eis
1010 2376 1116 2444 etiam
1133 2376 1243 2443 benc·
1296 2355 1507 2428 ⁰¹⁸⁰Flll¹¹¹¹¹
1525 2357 2145 2455 Delulmessubefneleil'ffllissal·
2193 2360 2285 2432 ΒΜ

253 2483 377 2549 lacere.
429 2477 527 2547 Bene
561 2488 596 2546 et
627 2475 776 2546 feliciter
807 2475 896 2549 vale.
956 2473 1104 2551 Calend.
1139 2473 1244 2548 Febr.
1296 2457 1386 2532 Vile·
1436 2457 1504 2530 Die
1523 2459 1559 2534 5·
1583 2463 1689 2536 Febr·
1722 2463 1831 2534 A¹¹¹¹⁰
1857 2459 1965 2538 1556·
2017 2463 2165 2553 Q¹¹³⁰⁸⁰
2188 2461 2286 2536 uin·

258 2579 367 2654 1566.

858 2795 1239 2826 Μ

251 2963 317 3038 Νο.
331 2963 447 3038 5921.

253 3062 461 3098 Μ

1091 2976 1126 3037 2.
1143 2969 1231 3032 Febr.

1070 3057 1240 3090 Μ

560 3165 628 3252 Ιο.
661 3164 926 3251 Materna.

317 3337 400 3410 Epist.
419 3337 467 3394 lib.
480 3339 513 3394 ll.
533 3357 560 3410 p.
574 3337 617 3396 70.
636 3339 691 3408 (ed.
710 3339 799 3396 bend.
819 3336 867 3393 lib.
881 3335 915 3394 ll.
933 3357 977 3410 ep.
990 3339 1052 3409 db).

454 3491 509 3569 D.
529 3489 743 3565 Iohanni
767 3491 1039 3568 Matthesin

251 3629 300 3716 S.
325 3639 368 3710 D.
422 3641 631 3714 Revereude
653 3647 709 3714 vir
727 3660 762 3716 et
782 3639 987 3718 charissime
1008 3649 1132 3736 scater,
1166 3651 1243 3724 Hac

250 3739 359 3825 hora,
387 3740 455 3813 Dei
481 3745 669 3826 beneficio,
703 3737 875 3843 Casparo
894 3743 1050 3820 Peucero
1079 3768 1161 3825 nata
1191 3771 1242 3827 est

250 3845 322 3925 filia
342 3845 456 3929 tertia,
482 3871 523 3916 ex
539 3871 614 3918 mea
631 3848 714 3933 filia,
739 3852 834 3920 salva
852 3865 974 3926 matre.
1010 3849 1088 3925 Oro
1108 3855 1240 3928 Filium

249 3942 318 4016 Dei
339 3951 519 4018 custodem
543 3945 720 4022 Ecclesiae
743 3974 844 4038 suae,
868 3968 907 4024 ut
930 3956 1080 4026 familias
1103 3974 1242 4030 nostras

251 4062 363 4117 servet
380 4062 415 4119 et
431 4050 621 4139 gubernet,
655 4065 689 4122 et
704 4067 805 4124 sanet
816 4057 937 4124 omnia
955 4059 1099 4130 vulnera
1115 4058 1241 4134 Eccle-

251 4149 334 4222 siae.
385 4145 465 4220 Hoc
477 4174 599 4222 mense
612 4147 803 4224 Drssdam
821 4159 935 4228 vocati
952 4184 1073 4232 sumtis
1088 4165 1132 4232 ad
1149 4164 1238 4233 deli-

249 4249 489 4322 berationem:
531 4251 591 4324 An
622 4253 668 4324 sit
698 4255 889 4327 indicenda
916 4263 1045 4331 nostris
1072 4260 1241 4336 Ecclesiis

1296 2553 1492 2630 Matthaei
1510 2563 1641 2650 filium,
1668 2563 1729 2658 qui
1750 2565 1820 2634 iam
1837 2569 1930 2658 apud
1951 2587 2014 2635 vos
2035 2579 2152 2636 artem
2172 2564 2284 2638 Meet

1296 2685 1373 2732 mm
1390 2677 1544 2743 exercet,
1566 2665 1671 2736 ctiam
1687 2689 1763 2735 mea
1778 2691 1879 2737 causa
1901 2667 2116 2738 familiarius
2132 2670 2287 2762 eomple-

1296 2764 1402 2836 ctaris
1421 2780 1456 2838 et
1469 2767 1626 2838 adiuves.
1680 2764 1802 2838 ludico
1816 2769 1855 2837 in
1871 2763 2084 2840 hoc'iuvene
2102 2769 2246 2842 bouem
2258 2783 2284 2838 et

1297 2869 1495 2940 modestum
1527 2869 1710 2960 ingenium
1744 2893 1834 2954 esse,
1868 2884 1902 2940 et
1927 2867 2218 2964 pulcherrimum
2245 2887 2286 2942 est

1295 2964 1383 3050 τούς
1412 2965 1719 3069 συμφιλοσόφους
1740 2965 1928 3064 ὁμονοεῖν.
1987 2969 2125 3044 lterum
2156 2977 2284 3045 valeat

1296 3073 1457 3142 rescribe.

1295 3439 1364 3512 No.
1379 3439 1493 3515 5925.

1304 3537 1475 3566 Μ

2122 3443 2264 3530 (nra.)

2122 3539 2266 3570 w

1481 3705 1486 3718 -
1557 3643 1616 3730 H.
1632 3641 2021 3756 Banmgertncro.

1363 3802 1514 3927 Elt'tdl·
1535 3801 2168 3954 i¹·..⁹·21²1¹.¹.ln..·s..¹.¹.'.?i.¹.;?.{.⁰tt²l¹f.3
2186 3809 2275 3933 tta

1399 3942 1466 4016 psits
1489 3942 1517 3997 d.
1535 3941 1578 3997 28.
1593 3943 1673 3997 Febr.
1695 3961 1744 4014 per
1757 3943 1905 3998 Andresm.
1941 3940 2039 3995 Edttor
2058 3941 2124 3999 libri
2144 3943 2272 4002 sentiatde

1397 4010 1533 4078 coniecit,
1556 4031 1571 4066 e
1593 4012 1700 4066 istolam
1717 4010 1845 4082 scriptam
1869 4029 1926 4066 esse
1945 4011 1980 4091 d..
1993 4013 2033 4068 ll.
2048 4011 2152 4080 Febr..
2178 4025 2206 4074 et
2222 4015 2280 4069 best

1395 4079 1469 4133 diem
1489 4099 1502 4131 e
1524 4081 1574 4135 isto
1587 4100 1617 4134 ae
1640 4099 1670 4134 es
1690 4098 1740 4132 suo
1760 4079 1874 4136 arbitrio
1888 4077 1999 4134 addida.
2017 4107 2055 4122 ·-
2092 4085 2138 4137 nd
2157 4103 2206 4152 ea,
2227 4099 2285 4156 quas

1393 4097 1556 4232 Melentlon
1570 4152 1602 4204 de
1611 4149 1663 4231 lilia
1672 4145 1834 4230 landgravii
1849 4148 1944 4232 babet,
1960 4147 2132 4206 mulctanda
2143 4163 2213 4208 suat
2228 4169 2288 4222 qoss

1395 4229 1504 4288 sccspsrt
1516 4219 1545 4274 in
1559 4217 1715 4276 Annalibus
1728 4217 1807 4274 butus
1823 4237 1896 4276 anns.

249 4352 426 4446 synodus,
450 4353 609 4426 utmulti
624 4353 809 4448 Principes
824 4359 995 4448 flagitant.
1045 4363 1158 4436 Filius
1172 4363 1240 4437 Dei
1292 4371 1575 4470 Hieronymo
1610 4369 1972 4470 Romgartncro‚
2017 4369 2204 4449 Senator-i
2239 4379 2295 4450 ῑη.

248 4477 324 4523 eam
350 4455 642 4527 deliberationem
664 4458 847 4546 gubernet.
908 4461 1048 4550 Quaeso
1071 4481 1112 4539 ut
1135 4469 1240 4539 nobis

247 4558 380 4626 scribas
397 4559 533 4650 quoties
558 4553 704 4629 habebis
726 4559 941 4636 tabellarios.
992 4563 1089 4639 Bene
1109 4582 1143 4640 et
1159 4570 1240 4640 ieli-

247 4657 333 4726 riter
351 4659 447 4743 vale,
469 4661 505 4734 2.
522 4659 719 4736 Februarii.

1531 4475 1650 4573 clytus
1677 4475 1780 4548 urbis
1805 4471 2047 4572 Noribergne.

1291 4614 1340 4700 S.
1367 4627 1412 4704 D.
1466 4629 1586 4702 Audio
1612 4629 1721 4700 filiam
1751 4620 1996 4723 Landgrovii
2024 4643 2107 4701 ante
2134 4649 2295 4705 mortem

1292 4732 1498 4822 expetivisse
1515 4731 1630 4803 Patris
1650 4732 1889 4825 colloquium,
1911 4733 2063 4825 eumque
2086 4755 2152 4822 per
2169 4735 2297 4806 literas

1293 4857 1441 4906 vocasse.
1493 4834 1560 4905 Sed
1588 4847 1688 4926 pater
1712 4857 1779 4904 suo
1806 4835 1962 4928 quodam
1987 4833 2141 4904 consilio
2166 4839 2299 4906 venire

1291 4936 1479 5020 recusavit,
1502 4960 1542 5006 ac
1559 4937 1665 5008 filiam
1682 4959 1745 5026 per
1757 4935 1877 5006 literas
1891 4937 2093 5006 consolatus
2106 4951 2172 5016 est,
2198 4963 2296 5032 quae

1080 5093 1100 5156 5
1126 5084 1204 5148 Febr
1290 5063 1371 5108 cum
1397 5039 1614 5127 legerentur,
1650 5037 1823 5128 ingemuit
1849 5037 1931 5120 illa,
1964 5049 2000 5108 et
2025 5048 2168 5152 tentum
2198 5033 2299 5108 hanc

1059 5132 1230 5205 κού-ὲ
1292 5163 1413 5208 vocem
1436 5139 1563 5210 edidit:
1590 5132 1757 5210 Poterat
1778 5131 2204 5234 Materdcrelsquernnt
2228 5165 2298 5224 me,

529 5261 639 5377 cpe.
667 5269 962 5362 Stathme'nni.

240 5509 246 5516 .
311 5441 393 5512 Epist.
412 5442 457 5496 tis.
476 5443 510 5496 ΙΙ.
530 5463 555 5518 p.
571 5442 631 5502 428.
653 5447 709 5517 (ed.
726 5447 814 5508 Lond.
832 5451 928 5512 lib.ll.
947 5475 988 5528 ep.
1000 5458 1085 5526 Μ).

1322 5397 1349 5460 s)
1370 5396 1413 5451 De
1430 5393 1627 5452 coniunctione
1644 5394 1703 5449 Set.
1718 5403 1748 5447 'st
1764 5391 1862 5450 Martis
1879 5393 1934 5450 tros
1953 5411 2026 5448 arno
2047 5393 2106 5448 vid.
2123 5413 2168 5468 ep.
2184 5397 2223 5450 sd
2246 5397 2296 5452 ta-

1360 5465 1443 5534 byum
1461 5465 1490 5520 d.
1509 5465 1536 5520 7.
1555 5465 1636 5519 Meet.
1657 5462 1733 5520 1⁶⁵6.
1839 5523 1841 5529 Ι

2206 273 2291 348 ore
2362 249 2364 288 ²
