4792 6186
237 315 315 392 659
808 303 1243 386 EPISTULARUM
1295 307 1400 390 ΗΒ.
1423 309 1520 392 xtl.
1575 307 1708 388 16⁵5.
2201 311 2282 384 640

341 487 499 578 Quartus
511 478 729 574 praesentiae
742 475 811 552 Dei
824 484 953 554 modus
967 496 1039 570 est,
1064 505 1232 578 praesen·
1286 485 1358 557 vita
1381 484 1570 556 dissimiles
1590 485 1663 559 sint
1686 485 1798 572 cives,
1830 485 1924 569 sani,
1956 481 2110 574 aegroti,
2136 483 2282 570 dociles,

241 596 291 664 tia
313 583 620 666 sanctificationis,
653 583 769 678 qualis
800 598 853 656 est
875 585 914 655 io
941 586 1073 656 renatis
1096 586 1135 656 in
1166 580 1234 656 bac
1288 587 1427 669 vitiosi,
1457 588 1653 672 sanabiles,
1687 601 1723 659 et
1746 586 1970 661 insanabiles.
2029 583 2072 656 ln
2095 583 2158 654 tali
2178 601 2283 658 coetu

241 695 326 766 vita.
376 687 443 764 Est
464 701 581 759 autem
603 684 802 780 praeseutia
825 711 900 758 non
933 700 1073 760 tantum
1096 686 1235 783 quoad
1288 689 1604 782 gubernatoribus,
1629 689 1772 762 iudiciis
1786 701 1820 760 et
1833 689 1959 780 poenis
1973 710 2063 780 opus
2079 709 2166 772 esse,
2189 684 2285 758 nihil

242 790 546 868 conservationem
572 787 872 874 substantiarum,
906 791 969 860 sed
991 815 1063 886 quo
1085 790 1130 860 ad
1153 811 1236 860 san-
1290 791 1439 864 dubium
1478 804 1549 878 est,
1595 802 1630 861 et
1658 816 1728 862 vox
1766 791 1890 862 divina
1921 788 2106 860 constituit
2139 789 2286 866 iudicia.

243 894 501 968 ctificationem.
560 888 665 962 Pater
697 903 733 961 et
759 890 855 961 lilius
888 891 1027 984 spirant
1061 891 1237 985 Spiritum
1291 893 1413 985 Quare
1428 894 1472 964 de
1484 888 1556 988 'hoc
1571 915 1682 964 nervo
1696 893 1874 985 legitimae
1891 890 2199 983 congregationis,
2225 917 2286 963 ne-

244 1011 405 1070 sanctnm
427 994 466 1064 in
488 1017 550 1066 cor
572 992 766 1078 credentis,
790 1016 863 1086 qao
886 995 1086 1068 excitantur
1105 991 1239 1066 laetitia
1291 1019 1384 1070 cesse
1402 1009 1472 1082 eet,
1493 1007 1587 1066 recte
1606 995 1742 1067 erudiri
1761 990 1936 1072 homines.
1986 991 2150 1064 Primum
2165 1007 2287 1066 autern

244 1103 284 1172 in
306 1100 428 1180 corde,
454 1109 490 1168 et
512 1093 575 1166 alii
595 1093 685 1164 boui
700 1107 828 1166 motus.
878 1093 1034 1185 Quando
1049 1095 1168 1170 David
1181 1117 1240 1166 ar·
1292 1097 1446 1170 discerni
1469 1109 1608 1191 oportet
1637 1097 1773 1170 iudices
1794 1097 1958 1191 politicos
1978 1096 2024 1168 ab
2046 1091 2288 1187 Evangelieis.

245 1202 367 1292 guitur
382 1222 466 1270 voce
480 1191 642 1282 Nathan,
667 1195 775 1266 simul
790 1197 899 1268 verbo
913 1213 948 1272 et
964 1198 1101 1290 Spiritu
1118 1209 1239 1268 sancto
1293 1201 1382 1272 Vult
1395 1198 1492 1272 Deus
1513 1201 1625 1290 tegern
1640 1221 1740 1271 suam
1756 1197 1940 1271 rectricem
1956 1221 2032 1268 esse
2050 1198 2198 1288 generis
2223 1195 2288 1271 bu-

140 1395 144 1402 ·
244 1303 374 1376 teritur
389 1295 620 1384 rorDavidis,
645 1312 679 1370 et
694 1298 816 1370 audita
833 1302 1077 1374 consolatione
1094 1294 1115 1372 ὃ
1132 1291 1242 1398 tbyos
1294 1302 1402 1384 mani,
1426 1298 1556 1372 vultin
1570 1301 1694 1393 poenis
1708 1301 1866 1395 conspici
1877 1299 2079 1373 testimonia
2091 1302 2288 1392 providen-

245 1405 335 1477 dicit
349 1399 629 1476 consolationem
647 1398 687 1470 in
703 1401 828 1487 corde,
851 1415 887 1472 et
899 1401 1052 1474 effundit
1066 1401 1242 1493 Spiritum
1293 1405 1363 1476 tiae
1381 1423 1416 1476 et
1438 1403 1594 1476 iustitiae
1610 1427 1711 1490 suae,
1735 1405 1814 1475 vult
1829 1417 1864 1476 et
1877 1403 2080 1474 societatem
2097 1397 2286 1476 hominum

244 1519 419 1580 sanctum.
470 1499 520 1576 Et
536 1517 628 1574 reete
652 1501 804 1586 dicitur,
827 1497 994 1601 Spiritus
1016 1511 1168 1578 sanetus
1191 1508 1242 1572 est
1295 1505 1507 1580 conservari.
1558 1501 1608 1578 Ut
1628 1505 1738 1596 igitur
1760 1507 1817 1576 lex
1837 1503 1975 1577 nonsit
1996 1502 2118 1574 inanis
2142 1507 2283 1590 sonitus,

247 1610 287 1682 in
301 1599 581 1683 eordeDavidis
598 1599 853 1679 essentialiter.
886 1605 968 1678 Non
984 1608 1078 1702 quod
1097 1607 1158 1680 fiat
1171 1627 1243 1676 nna
1295 1609 1394 1681 addit
1408 1609 1588 1680 custodem
1607 1621 1644 1680 et
1660 1620 1892 1694 executorem,
1916 1607 2054 1699 scilicet
2066 1599 2279 1703 Magistru-

246 1709 396 1784 essentia
414 1707 472 1778 vel
486 1731 638 1800 persona
653 1730 734 1778 curn
749 1703 900 1794 Davide,
923 1712 984 1782 sed
1000 1723 1051 1780 est
1067 1709 1130 1796 ibi,
1151 1707 1243 1778 sicut
1295 1719 1392 1798 tum,
1415 1733 1478 1781 seu
1501 1704 1675 1797 iudicem,
1699 1701 1861 1806 Regem,
1888 1729 1952 1780 seu
1973 1715 2191 1808 praetorem,
2213 1709 2278 1806 qui

245 1815 462 1904 gubernator
479 1810 517 1878 in
537 1808 623 1879 navi
644 1809 898 1901 separabiliter.
949 1807 1126 1882 Ettamen
1143 1813 1243 1880 adest
1295 1807 1407 1884 babet
1437 1809 1643 1908 legitimam
1664 1819 1877 1910 potestatem
1905 1803 2067 1880 vorandi
2082 1808 2180 1893 cibes,
2211 1831 2265 1878 co·

246 1930 283 1988 et
303 1915 381 2008 ipse
402 1933 568 2004 praesens
584 1933 654 1981 sua
676 1910 844 1997 essentia,
871 1925 906 1984 et
928 1927 981 1984 est
1003 1913 1054 1984 ibi
1071 1911 1244 2006 singulari
1294 1909 1496 2012 gnoseendi
1527 1911 1808 2002 controversias,
1849 1921 1882 1984 et
1908 1895 2137 1984 diiudieanbi
2163 1909 2258 1981 iusta

249 2020 357 2088 modo
375 2015 496 2108 efficax
512 2015 558 2084 ad
574 2012 862 2094 consolationem.
1220 2079 1224 2084 .
1298 2017 1394 2114 leges
1423 2013 1592 2102 divinas,
1621 2025 1654 2087 et
1680 2009 1774 2104 bas,
1807 2039 1902 2115 quae
1929 2009 2123 2114 probabili
2144 2011 2262 2083 ratione

1298 2119 1401 2216 regia
1425 2118 1625 2190 autoritate
1648 2111 1803 2190 additae
1823 2127 1929 2203 sunt,
1951 2125 1984 2188 et
2005 2111 2064 2186 vel
2083 2109 2274 2211 corrigendi

1297 2217 1486 2294 bumanas
1500 2217 1597 2316 leges
1608 2217 1802 2320 probabili
1819 2219 1984 2306 ratione,
2010 2215 2069 2288 vel
2081 2213 2206 2289 dubiis
2219 2211 2280 2285 ab·

1298 2319 1412 2395 dandi
1425 2321 1760 2421 interpretationes,
1783 2345 1878 2423 quae
1893 2311 2016 2394 valent
2026 2329 2180 2418 propter
2194 2315 2284 2392 ordi·

1299 2425 1359 2496 nis
1382 2424 1635 2496 autoritatem:
1657 2422 1785 2496 Habet
1807 2423 1891 2495 item
1913 2429 2134 2521 potestatem
2158 2421 2195 2494 ui
2217 2447 2283 2494 eor·

1297 2524 1427 2626 porali
1438 2523 1593 2622 eogendi
1600 2577 1609 2608 ‚
1632 2523 1827 2615 coercendi,
1853 2536 1885 2598 et
1901 2519 2152 2619 interficiendi
2165 2535 2287 2599 sontes.

1298 2629 1395 2702 Haec
1413 2630 1575 2702 definitio
1600 2644 1650 2700 est
1673 2631 1800 2701 iudicis
1821 2629 1957 2724 politici
1981 2629 2019 2699 in
2051 2653 2208 2721 genere,
2235 2653 2286 2700 seu
2373 2611 2374 2704 l

1298 2731 1408 2826 Regis
1422 2757 1483 2804 seu
1499 2732 1679 2825 praetoris.

274 2269 280 2280 ⁸
350 2183 410 2256 Sic
445 2205 521 2252 non
553 2183 651 2254 adest
680 2179 778 2252 Deus
810 2180 942 2274 impiis.
992 2180 1041 2256 Et
1068 2182 1167 2256 aliud
1194 2197 1244 2254 eat

247 2287 367 2361 Deum
382 2307 456 2356 esse
469 2283 622 2380 ubique,
647 2282 747 2354 aliud
765 2277 925 2354 habitare
947 2309 1029 2356 eum
1046 2286 1085 2356 in
1102 2286 1244 2356 sanctis.

248 2387 434 2460 Habitatio
457 2387 608 2472 dicitur,
633 2409 715 2456 cum
737 2409 814 2456 nou
831 2386 948 2456 solum
963 2389 1064 2460 adest
1081 2411 1247 2479 praesen-

247 2494 297 2564 tia
322 2489 537 2574 universali,
562 2489 624 2558 sed
648 2485 945 2572 sanctificatione,
969 2502 1011 2560 ut
1030 2489 1070 2558 iu
1089 2491 1244 2560 secundo

248 2609 284 2664 et
302 2603 430 2687 quarto
446 2591 555 2660 modo
571 2585 631 2658 hie
646 2587 803 2659 recitavi.
853 2584 903 2660 Et
920 2589 969 2660 sic
982 2589 1137 2662 dicimur
1153 2605 1246 2666 tam-

248 2697 308 2788 pla
330 2689 419 2780 Dei,
456 2705 491 2762 et
516 2687 588 2762 huc
614 2689 796 2782 pertinent
824 2691 934 2761 dicta:
973 2687 1171 2764 Veniemus
1194 2689 1251 2764 ad

249 2819 350 2877 eum,
374 2801 407 2864 et
423 2790 653 2863 mansionem
677 2785 783 2887 apud
802 2811 881 2862 eum
894 2791 1095 2892 faciemus.
1148 2793 1247 2881 ltem,

178 2943 181 2952 =
247 2897 356 2972 Rom.
367 2895 403 2974 5.
418 2909 452 2968 et
469 2895 557 2967 alibi
575 2917 678 2988 saepe
693 2897 843 2987 πνεῦμα
861 2894 956 2968 θεοῦ
975 2896 1015 2970 ἐν
1027 2891 1131 2992 ὑμῖν.
1400 2895 1450 2970 Ut
1478 2911 1596 2968 autem
1622 2897 1770 2969 Titanes
1797 2899 1896 2970 coelo
1920 2900 2055 2971 bellum
2080 2901 2284 2978 intulerunt,

348 3053 404 3128 De
419 3051 572 3130 heroicis
588 3058 743 3130 motibus
759 3059 963 3151 impiorum,
989 3077 1030 3134 ut
1045 3063 1088 3131 de
1103 3061 1247 3134 fortitu.
1298 3001 1475 3178 ἓῖθζῃξὲι
1495 3001 1562 3172 ffi‘i
1579 2995 1743 3072 h⁰¹¹¹i¹²⁰⁸
1763 3014 1893 3086 munia
1906 3025 1988 3121 'qna
2008 3025 2138 3074 “⁰0⁸0
2163 3003 2281 3096 cupidl-

1209 3164 1218 3182 .
1461 3127 1504 3195 pe
1533 3116 1617 3188 unt,
1638 3115 1674 3172 et
1694 3103 1852 3194 fingunt,
1877 3098 1971 3173 nrhrl
1995 3129 2070 3176 esse
2083 3105 2220 3192 Deum,
2240 3103 2279 3173 le·

249 3163 336 3230 dane
352 3153 505 3229 Achillis
527 3184 651 3232 verum
675 3175 745 3240 est,
771 3185 844 3232 esse
869 3187 928 3233 eos
953 3165 1047 3233 dona
1073 3178 1246 3235 creatam
1298 3228 1377 3297 gem
1393 3228 1469 3275 non
1485 3227 1559 3275 em
1575 3203 1783 3297 sapientiam
1794 3203 1873 3286 Dei,
1891 3219 1927 3276 et
1938 3207 2106 3277 ordinem
2127 3209 2278 3286 divinum,

252 3260 385 3334 talibus
409 3260 508 3333 viris.
571 3261 674 3335 Sicut
696 3263 817 3334 ,robur
842 3266 1001 3358 corporis
1034 3279 1086 3336 est
1111 3267 1247 3386 donum
1299 3307 1452 3381 iudicem
1473 3330 1549 3376 non
1570 3306 1743 3378 divinitus
1765 3307 1927 3378 additum
1951 3331 2027 3379 esse
2051 3310 2201 3402 legibus,
2222 3306 2271 3375 „d

251 3377 408 3434 creatum
432 3359 544 3435 ³D⁰⁰
566 3364 605 3434 in
621 3361 795 3450 Hercule'
820 3366 878 3434 vel
898 3368 990 3435 πῖθ’
1004 3367 1190 3484 ‘imbrum
1208 3389 1247 3436 ¹⁰
1300 3405 1523 3480 haecomnia
1545 3408 1831 3480 terriculamenta
1849 3432 1922 3479 esse
1947 3411 2145 3484 calliditate
2158 3427 2261 3504 prom-

249 3462 415 3582 Lyncffl!
439 3465 500 3584 fed
518 3478 662 3558 impiet
682 3459 769 3534 haec
784 3468 880 3536 ‘¹⁰³³
895 3491 979 3587 ¹¹⁰⁰.
990 3469 1160 3538 ‘heum‘
1183 3463 1248 3588 hi'
1301 3536 1382 3582 rum
1399 3510 1591 3601 excogitata
1633 3523 1674 3580 ut
1689 3509 1930 3583 multitudiuis
1950 3515 2116 3604 potentia
2131 3507 2183 3582 tus
2194 3529 2266 3603 qut·

174 3620 179 3628 .
250 3563 529 3683 berebprrrtum
545 3579 719 3683 sanctum·
755 3565 1248 3688 Necestfacrendacontusro
1300 3563 1702 3706 libuscunquevificulis
1718 3611 1942 3705 reprimatur·
1980 3609 2277 3688 &demuma

251 3659 494 3738 Ethnrcorum
515 3683 550 3739 et
565 3663 755 3742 Ecclesiae.
805 3666 951 3740 Habens
968 3669 1144 3762 Spiritum
1167 3695 1250 3742 san·
1302 3715 1475 3786 Titanum
1498 3729 1533 3786 et
1552 3711 1748 3810 Cyclopum
1777 3713 1966 3807 opiniones
1988 3717 2225 3790 mamm&
2243 3727 2286 3781 m

251 3763 1250 3969 :aaaff¹:5¹3azgzrsstgsm⁰h⁰imgr¹gssrgtffiffl
1302 3818 1432 3888 veritas
1456 3817 1501 3885 de
1514 3813 1592 3886 Deo
1614 3819 1712 3887 etde
1731 3817 1827 3908 lege,
1860 3841 1952 3910 qnae
1967 3832 2021 3890 est
2035 3819 2219 3912 sapientia
2229 3812 2286 3888 Dei

251 3969 500 4044 attribuuntur
517 3973 886 4069 immediateb'piritui
903 3992 1036 4052 sancto.
1302 3933 1444 3992 ”lema
1465 3931 1500 3990 ei
1525 3918 1689 4003 immm'
1714 3932 1747 3990 ‘t
1763 3919 1986 3990 desumenda
2009 3934 2064 3993 “t
2084 3919 2289 4013 Simiam·

1303 4020 1504 4095 Sumsimus
1521 4019 1631 4111 igitur
1642 4021 1884 4092 definitionem
1904 4021 2033 4093 iudicis
2047 4046 2090 4093 ex
2109 4025 2211 4096 reris
2224 4023 2295 4094 loo·

1303 4125 1418 4209 tibus,
1457 4146 1548 4217 quae
1571 4122 1716 4216 quidem
1747 4123 1852 4213 longa
1878 4123 2039 4194 oratione
2063 4125 2249 4200 illustrari
2270 4135 2299 4190 et

1304 4224 1507 4297 confirmari
1538 4237 1673 4315 posset,
1715 4225 1776 4294 sed
1801 4238 1998 4296 cernuntur
2022 4227 2143 4298 tontes
2173 4230 2221 4300 ab
2240 4221 2304 4304 bit,

1304 4327 1368 4423 qui
1387 4347 1463 4396 non
1485 4339 1569 4396 sunt
1591 4321 1708 4396 hostes
1721 4323 1807 4412 Dei,
1833 4349 1899 4397 nee
1921 4329 2259 4402 demonstrationes
2276 4341 2305 4396 et

251 4405 479 4536 Q
1131 4429 1250 4547 ss
1303 4430 1489 4501 manifesta
1503 4426 1571 4500 Dei
1585 4427 1786 4500 testimonia
1803 4443 2049 4521 aspernantur.

447 4615 545 4722 (De
575 4615 760 4704 iuda-053
784 4617 1051 4731 Eadm-ae.)
1289 4607 1292 4614 '
1350 4701 1359 4718 υ
1404 4593 1471 4668 Est
1492 4610 1610 4666 autem
1630 4619 1715 4668 suus
1740 4597 1837 4717 locus
1857 4597 1969 4668 iudici
1984 4597 2136 4716 politico
2172 4615 2213 4720 et
2233 4627 2313 4723 pro·

1304 4723 1423 4792 prium
1448 4721 1598 4782 munus,
1631 4723 1799 4789 magnum
1824 4697 1914 4768 1tlud
1932 4700 2076 4793 quidem
2092 4713 2128 4770 et
2150 4704 2314 4788 difficile,

320 4793 387 4850 Met.
408 4793 513 4852 coniti.
529 4793 575 4855 tu.
593 4793 627 4851 Ρ.
639 4791 677 4851 11.
694 4813 722 4868 p.
738 4795 789 4851 199
802 4815 862 4871 sqq.
1304 4815 1340 4872 et
1356 4801 1501 4893 plenum
1517 4799 1714 4890 ingentium
1732 4801 1981 4886 certaminum,
2006 4801 2209 4895 inquibus
2224 4807 2317 4878 veri-

1303 4917 1357 4974 tas
1381 4916 1414 4973 et
1445 4902 1617 4992 sapientia
1640 4916 1764 4974 contra
1789 4902 1972 4974 mendacia
2002 4916 2037 4974 et
2059 4899 2316 4997 sophisticam,

252 4965 319 5041 θ’
361 4963 561 5040 ‘'“dstlll
603 4969 650 5040 ’Ἢ
686 4966 909 5044 Elauia
944 4982 1249 5062 ”²⁶⁶⁸Wllt·
1304 5004 1439 5076 iustitia
1470 5018 1592 5076 contra
1620 5004 1851 5088 iniustitiam,
1891 5004 2091 5097 sapienter,
2126 5008 2253 5098 iuste,
2285 5028 2317 5084 et

440 5081 545 5161 Pbil.
570 5083 761 5161 Melantb.
814 5088 924 5162 Anno
954 5093 1062 5170 1555.
1304 5106 1443 5179 sortiter
1460 5097 1718 5200 propugnanda
1737 5119 1800 5176 est.

251 5237 345 5324 Non
371 5251 553 5369 loquimur
574 5252 619 5369 de
633 5249 810 5339 Ecclesia,
836 5271 876 5328 ut
896 5261 941 5327 de
958 5258 1038 5332 ldea
1055 5262 1250 5356 Platonica,
1404 5270 1621 5367 Quanquam
1645 5285 1762 5341 autem
1784 5267 1905 5362 aliqua
1923 5269 2125 5342 similitudo
2139 5289 2205 5348 est
2222 5279 2320 5349 iudi-

252 5357 313 5424 sed
331 5367 470 5424 coetum
488 5353 664 5422 visibilem
681 5369 926 5445 monstramus,
942 5363 1004 5456 qui
1021 5370 1250 5460 certiseignis
1304 5373 1355 5444 cis
1372 5371 1596 5466 Evangelici,
1628 5386 1746 5443 tamen
1768 5369 1960 5442 discrimen
1985 5371 2141 5465 intelligi
2169 5403 2322 5454 neeesse

252 5456 466 5526 discernitur
479 5455 525 5524 ab
542 5451 622 5525 aliis
637 5448 862 5548 hominibus,
887 5463 926 5532 iu
942 5489 1013 5558 quo
1031 5493 1112 5540 ctam
1128 5471 1167 5544 in
1182 5467 1249 5546 hac
1304 5489 1376 5564 est,
1402 5502 1471 5571 qua
1486 5479 1525 5546 in
1540 5500 1578 5546 re
1593 5497 1696 5568 saepe
1710 5474 1888 5546 falluntur
1904 5466 2078 5550 homines.
